3300 5272
534 495 661 546 eremos
685 497 726 546 er
750 492 907 546 uomens.
1181 473 1228 546 te

218 621 396 718 provintia
406 620 513 699 fuisse
529 634 749 721 compertum
755 633 823 697 ost.
842 619 943 694 Multi
960 620 1139 694 Furnitani
1149 643 1230 694 nos·

220 757 344 822 cuntur
368 748 532 846 episcopi.
566 745 645 822 vid.
668 747 883 838 Moroellum,
910 757 938 818 t.
960 747 988 835 1,
1013 769 1051 843 p.
1086 745 1167 836 162,
1192 758 1228 818 et

118 906 123 916 ·
219 870 378 963 Ruinart,
405 871 711 968 praeponam
738 869 960 947 Fornitanim
982 881 1231 945 commemorat

219 994 339 1068 Victor
371 994 543 1088 vitensis,
569 993 663 1093 apud
692 995 850 1079 Ruinart,
879 1017 915 1092 p.
938 996 976 1068 6.
1001 995 1088 1068 Erat
1112 995 1230 1068 forsan

218 1118 280 1193 illa
304 1117 522 1218 Carthaginis
536 1142 556 1194 e
570 1121 680 1219 portis
693 1142 771 1219 ques
787 1117 834 1193 ad
846 1122 980 1193 Furnos
998 1118 1168 1210 ducebam
1182 1121 1232 1192 ni-

220 1243 269 1316 hil
281 1243 324 1317 do
336 1243 391 1316 his
413 1242 506 1340 apud
516 1226 731 1344 geographos
738 1243 891 1343 reperire
902 1244 1092 1341 potuimus.

582 1469 601 1517 r
624 1439 879 1518 ernmnrcrrnr.'

269 1622 353 1695 Post
362 1625 474 1716 Aqooa
490 1624 615 1715 reptos,
629 1621 668 1693 in
684 1622 808 1695 itinere
826 1643 849 1694 a
864 1621 1033 1695 Theveste
1044 1622 1229 1713 Tnsurum,

223 1744 259 1816 in
283 1743 555 1833 Mediterraneis,
583 1744 777 1819 Antoninus
798 1744 1096 1820 Germanicianam
1125 1744 1232 1820 fuisse

222 1867 387 1942 declarat.

664 2065 683 2113 t
708 2064 786 2114 GOR.

270 2245 383 2339 Γάρῤα,
407 2241 553 2316 Ptolem.
568 2240 634 2315 lib.
650 2242 715 2334 1V;
736 2244 858 2333 (ittera,
880 2243 979 2314 Peut.
998 2241 1073 2315 Cfr.
1088 2240 1235 2317 Haedui

223 2389 320 2458 num,
337 2364 468 2441 concil.
485 2377 513 2438 t.
534 2367 568 2459 13
595 2364 710 2439 forsan
733 2364 779 2438 ab
793 2363 853 2439 illo
868 2364 993 2464 oppido
1009 2376 1082 2440 erat
1094 2368 1234 2443 carria-

221 2489 332 2560 oensis
350 2498 410 2560 aot
431 2489 606 2560 Garreaois
627 2487 810 2586 episeopus
832 2487 920 2560 inter
936 2489 1122 2584 Byzacena
1141 2489 1233 2602 anti·

223 2610 540 2685 stitesnominatus.

607 2805 627 2854 t
638 2804 845 2856 tutelstete.

271 2963 501 3056 Gorpoitoosis
517 2961 701 3059 episeopus
713 2971 913 3035 recensetur
927 2961 1018 3035 inter
1031 2965 1230 3061 Byzacenos

221 3085 390 3159 antistites
414 3086 474 3183 qui
501 3107 591 3159 anno
620 3108 822 3160 occcmmv
853 3083 978 3160 urbem
1002 3086 1144 3185 petiere.
1175 3087 1231 3161 An

220 3231 243 3282 a
258 3207 485 3308 Gurgitibus?
502 3211 702 3282 Gorzotaom
721 3232 849 3304 popam
870 3220 1064 3283 memorant
1078 3211 1229 3308 antiquae

181 3444 184 3449 q
221 3332 361 3407 nouo.
379 3332 436 3407 ef.
453 3333 614 3425 Ruinam,
634 3356 671 3431 p.
689 3333 774 3423 329,
786 3344 822 3407 et
834 3331 996 3425 Boohart,
1015 3355 1052 3429 p.
1067 3333 1129 3406 tt.

564 3565 602 3614 tn
626 3565 762 3617 HIPPONB
785 3564 896 3615 nnete.

269 3742 369 3831 Bone,
384 3733 586 3832 abantiquo
598 3734 736 3808 civitate
751 3737 781 3808 11
799 3736 850 3810 Μ.
868 3739 909 3808 Ρ.
930 3735 1073 3811 distans.

269 3863 324 3936 Ex
336 3860 460 3958 prisois
471 3856 703 3936 Numidarum
715 3858 852 3957 oppidis
860 3858 945 3934 illud
957 3859 1224 3955 videturtuisso,

158 4032 164 4047 ·
220 3983 315 4083 quod
332 3998 454 4084 postea
476 3982 670 4058 nobilitavit
691 3985 916 4080 Augustinus,
942 3983 1035 4083 quod
1051 3984 1227 4084 permuitae

223 4107 389 4184 Ecclesiae
414 4120 667 4184 exornaverunt
687 4109 778 4183 inter
803 4132 892 4207 quas
914 4110 1104 4207 potissima
1129 4127 1228 4184 erant

1009 4246 1014 4257 '
1093 4245 1114 4306 t
