3300 5272
290 465 355 538 168
656 489 696 538 os
718 489 746 537 s.
775 487 919 536 urrunnu

288 621 334 690 tis
350 632 384 690 et
397 619 598 690 Christianis
619 616 749 692 artibus
767 618 940 709 imbutus;
965 639 1071 713 quare
1093 640 1173 689 eum
1198 616 1295 690 coeli·

286 741 372 815 colis
396 742 607 841 adscriptum
631 745 776 816 summis
803 740 964 815 laudibus
993 765 1157 814 exornare
1181 740 1292 832 decet,

286 873 505 963 sbpapdoapss
523 873 633 949 πάντες
655 870 788 953 ἐπάξιοις
813 865 905 955 ᾠδαῖς
926 872 979 938 τὸν
1000 871 1092 963 μέγαν
1112 870 1193 937 Θεοῦ
1211 870 1296 964 bepol-

286 1019 383 1062 ποντα
397 996 540 1086 Συμεῶνα
557 995 607 1061 τὸν
625 994 710 1088 ἅγιον
725 997 890 1088 λογοθέτην
901 991 927 1062 ¹.

337 1116 543 1187 Sanctorum
561 1115 640 1186 vitis
657 1114 912 1189 conscribendis
928 1116 1162 1212 lietaphrasta
1180 1116 1297 1211 impri·
1414 1156 1420 1164 ι

287 1241 356 1311 mis
371 1237 542 1310 studuisse
560 1238 709 1312 ridetur.
730 1238 969 1335 Ephemeridis
986 1240 1124 1337 quidem
1142 1239 1297 1313 ordinem

289 1376 507 1452 consecutus,
534 1362 779 1459 apostolorum,
799 1377 1004 1462 martyrum,
1022 1364 1200 1454 abbatum,
1225 1365 1298 1460 epi·

289 1512 488 1585 scoporum,
511 1489 688 1585 virginum
710 1488 889 1561 historiam
910 1488 1053 1587 singulis
1073 1490 1172 1562 sestis
1190 1492 1299 1582 lapen-

289 1613 367 1684 dcm
383 1612 529 1684 effinxit.
553 1615 581 1683 E
601 1612 757 1709 patribus
776 1637 870 1700 sane,
890 1637 933 1685 ex
953 1615 1053 1702 actis,
1078 1637 1120 1686 ex
1137 1614 1292 1711 hymnis,

291 1759 310 1808 c
331 1737 472 1807 sinceris
495 1737 624 1807 chartis
647 1735 703 1808 ille
723 1736 833 1808 multa
857 1736 969 1825 duxit,
997 1737 1161 1834 pleraque
1183 1749 1299 1811 antem

291 1861 506 1958 excogitavit,
536 1858 703 1950 recidens,
731 1859 936 1955 producens,
971 1861 1192 1934 subnectens.
1223 1862 1300 1956 lpse

292 1986 384 2058 enim
402 1986 438 2056 in
452 2009 516 2057 sua
535 1983 578 2056 de
592 1983 672 2056 diva
690 1986 847 2057 Marinna
868 1984 1083 2081 praefatione,
1103 1984 1146 2058 da
1165 1998 1300 2057 sancto-

125 2136 133 2154 ’
223 2197 226 2204 ¹
292 2132 370 2181 rum
389 2110 468 2182 ritis
489 2107 736 2205 componendis
754 2121 926 2206 praecepta
938 2108 1056 2204 tradit,
1077 2122 1112 2182 et
1125 2110 1223 2206 quasi
1240 2107 1301 2180 ha·

293 2232 473 2330 giographi
502 2245 612 2304 artem
643 2232 757 2304 docet.
786 2234 959 2329 lmprimis
986 2234 1103 2306 omnia
1132 2230 1304 2305 narranda

238 2403 245 2427 .
294 2356 1304 2456 esseitantverisimiliasintMetaphrastapraecipit.Rem

294 2502 377 2552 sane
404 2480 627 2577 praeclaram!
654 2483 812 2578 Namque
831 2480 888 2555 ille
910 2482 1099 2569 miraculis,
1125 2479 1300 2579 prodigiis,

293 2606 391 2677 miris
405 2605 508 2678 rebus
524 2629 743 2703 summopere
759 2605 962 2696 delectatus,
975 2607 1017 2679 de
1038 2619 1109 2679 arte
1124 2607 1260 2703 magica
1270 2617 1304 2677 et

295 2728 337 2802 da
370 2738 620 2825 μεταμορφώσεσι
646 2731 878 2828 singularibus
912 2729 1007 2827 loqui
1038 2731 1143 2820 solet3
1179 2727 1240 2800 sed
1266 2741 1306 2799 ut

296 2853 448 2925 historiis
462 2853 566 2926 fidem
581 2855 686 2926 iaciat
702 2855 851 2950 plurima
864 2856 1043 2926 civitatum
1056 2854 1306 2946 hominumque

296 2976 401 3073 tradit
427 2979 579 3067 nomina,
604 2991 638 3051 at
667 2981 794 3073 saepius
830 2980 945 3050 omnia
978 2976 1192 3060 commiscet,
1226 2997 1306 3071 per-

297 3103 425 3193 turbat,
448 3115 615 3198 tempora,
646 3113 777 3191 aetates,
805 3103 989 3197 principes,
1017 3099 1105 3172 loca.
1127 3079 1217 3170 ¹Utut
1247 3099 1304 3185 sit,

293 3225 426 3322 jamdiu
452 3225 541 3322 apud
560 3238 593 3297 et
610 3227 705 3322 ipsos
725 3227 784 3321 qui
798 3224 958 3297 obeuntis
977 3222 1059 3296 solis
1076 3234 1192 3318 partes
1213 3223 1308 3295 inco·

298 3351 373 3422 lunt
387 3351 601 3441 notissimus,
616 3350 698 3423 licet
711 3357 783 3448 ejus
800 3348 878 3424 libri
897 3350 989 3447 typis
1005 3347 1157 3420 nondum
1177 3347 1309 3444 vulgati

299 3478 381 3568 sint,
398 3477 585 3575 majoribus
605 3477 794 3575 saepissime
813 3475 1072 3548 delectationem
1089 3472 1215 3562 attulit,
1233 3496 1308 3544 ma·

301 3602 488 3698 suscriptis
506 3602 598 3676 illius
620 3599 797 3675 codicibus
812 3602 846 3671 in
864 3599 1080 3672 monasteriis
1094 3596 1247 3669 diffusis.
1266 3598 1310 3668 Et

298 3748 382 3798 sane
407 3725 650 3825 Metaphrastae
677 3725 835 3822 plurimae
861 3726 1075 3831 narrationes
1097 3721 1237 3817 placent
1253 3725 1308 3817 ju·

300 3848 434 3942 cundae,
450 3851 653 3948 singulares,
674 3851 924 3946 exquisitiores,
943 3850 1068 3945 quippe
1083 3870 1160 3944 quae
1179 3847 1311 3942 Byzan·

337 4117 358 4165 1.
376 4111 424 4166 Od.
442 4120 467 4178 t,
481 4112 510 4165 in
522 4115 551 4166 L.
566 4110 644 4165 Allat.
