3300 5272
502 375 646 437 uttutttt
675 378 845 438 essunt
875 377 1016 437 txxvt.
1257 386 1312 436 tis

238 542 322 623 Qui,
337 557 484 628 tempore
498 540 656 606 relevatus
670 562 708 603 ex
724 539 854 620 morbo,
870 540 959 604 foras
972 538 1147 629 processit,
1162 537 1314 626 pallidus,

192 687 369 751 titubantes
382 685 435 748 vix
454 685 561 749 ferens
578 683 687 772 pedes.

239 828 289 890 llii
315 827 397 891 forte
422 826 537 891 obvius
564 825 758 891 medicaster
783 827 950 909 «Salve»,
975 828 1090 914 inquit.
1117 829 1164 891 Ac
1191 850 1255 914 quo
1280 850 1314 891 se

193 969 334 1031 habeant
349 964 448 1030 modo
465 966 520 1052 qui
537 966 688 1031 habitant
703 966 787 1030 infra
805 968 947 1056 rogabat.

239 1107 395 1174 «Placide
430 1109 644 1197 quiescunt»,
670 1109 841 1198 respondit
870 1109 941 1192 iile,
977 1110 1133 1174 «laticem
1164 1125 1313 1197 potantes

196 1249 398 1313 ubethaeum.
417 1248 608 1337 Proserpina
627 1265 732 1312 autem
748 1266 780 1313 et
794 1272 929 1338 magnus
943 1249 1040 1313 Pluto
1054 1272 1159 1337 nuper
1179 1248 1313 1312 medicis

196 1423 208 1446 a
226 1389 368 1475 timenda
384 1391 508 1455 cunctis
527 1391 744 1473 minabantur,
767 1392 858 1481 aegris
884 1389 973 1479 quod
990 1388 1180 1454 medeantur
1196 1404 1315 1452 morta·

196 1529 325 1611 «iibus3
344 1552 521 1616 eorumque
538 1530 670 1594 uomina
688 1530 721 1593 in
744 1530 870 1595 tabulas
895 1529 1137 1611 describebant,
1162 1545 1258 1617 atque
1281 1532 1312 1591 in

195 1671 336 1758 «primis
352 1686 383 1734 te
399 1670 495 1735 etiam
520 1688 609 1734 erant
630 1671 772 1736 relaturi.
792 1674 852 1736 Ast
872 1694 932 1760 ego
952 1687 1099 1735 metuens
1114 1670 1189 1749 tibi,
1215 1691 1314 1756 ocyus

197 1818 362 1895 «accessi,
381 1815 603 1902 contactisque
621 1817 757 1905 sceptris
769 1817 873 1902 juravi
890 1833 922 1881 te
940 1839 1051 1882 revera
1068 1814 1228 1880 medicum
1246 1837 1312 1879 non

196 1988 207 2011 ι
223 1978 310 2036 esse,
327 1954 384 2019 sed
399 1956 488 2019 inani
504 1956 566 2019 isto
581 1972 733 2020 vocatum
748 1957 845 2022 fuisse
862 1960 995 2023 nomine
1010 1989 1032 2021 υ.

242 2229 307 2293 lilis
333 2231 401 2293 haec
427 2228 535 2295 fabula
561 2229 760 2312 recitabitur,
790 2231 860 2317 qui,
885 2246 1019 2317 propter
1046 2254 1113 2293 rem
1141 2229 1313 2318 quamdam

198 2370 289 2453 cujus
305 2384 382 2432 sunt
394 2369 641 2458 imperitissimi,
654 2391 768 2432 vanam
784 2385 858 2432 sunt
874 2367 983 2456 adepti
996 2369 1125 2434 famum.

675 2790 833 2858 LXXVI.

547 3073 690 3143 EQUES
721 3074 777 3132 ΕΤ
809 3073 967 3144 EQUUS.

247 3431 351 3517 Eques
366 3452 502 3517 equum,
516 3428 670 3517 quamdiu
685 3429 838 3493 bellatum
859 3445 926 3510 est,
948 3429 1055 3493 alebat
1070 3428 1194 3494 hordeo
1209 3454 1318 3518 pasce·

202 3573 318 3659 batque
336 3572 433 3637 foeno.

248 3718 304 3793 tt,
319 3729 459 3777 cessante
474 3709 578 3792 belio,
612 3735 711 3799 quum
731 3712 883 3801 deinceps
905 3737 967 3802 pax
990 3714 1050 3778 fuit
1072 3730 1104 3777 et
1123 3715 1316 3802 stipendium

236 4105 274 4148 21.
300 4097 390 4159 tabula
406 4099 493 4149 coliata
505 4114 511 4147 :
523 4098 675 4159 ἐξωμοσάμην
694 4100 736 4147 αὑ·
790 4098 910 4159 eruditum,
921 4112 950 4147 ac
961 4099 1002 4148 stat
1018 4111 1075 4148 cum
1088 4101 1208 4161 ὄιεόλὴθης
1227 4109 1321 4157 senteu-

203 4182 252 4233 τοῖς
263 4178 296 4238 μὴ
305 4176 378 4235 ἀληθῆ
389 4176 468 4242 ἰατρὸν
477 4176 536 4226 εἷναί
547 4194 584 4236 σι,
593 4177 652 4225 ἀλλὰ
662 4175 736 4239 μάτην
791 4176 826 4224 tia
838 4175 989 4236 ingeniosior.

204 4257 362 4315 διαόληθῆναι.
376 4258 405 4304 rt
419 4254 505 4304 Bebrio
521 4255 601 4304 forsan
614 4255 734 4314 διώλήθης
818 4253 876 4304 Feb.
890 4254 1264 4322 Lxxvl.ci.cor.1·'.³ot;rr.
1279 4269 1316 4312 55.

204 4334 321 4396 dandum,
331 4346 409 4397 quum
419 4333 580 4394 εἱῑδιαλήθης
590 4332 734 4384 verbumin·
821 4339 842 4381 2.
861 4337 890 4393 Α,
902 4332 1006 4398 κᾰτρεφι.
1022 4333 1075 4384 Feci
1084 4337 1211 4387 creticum.
