3300 5272
327 391 391 459 178
733 399 914 448 ΚΥΙΙΡΙΑΝΟΥ

375 512 536 618 Ᾱγλαίθας
555 545 601 599 τις
617 507 840 612 σχολαστικὸς1
858 507 989 612 (όσπερ2
1006 522 1040 586 ἐκ
1054 517 1249 601 τοῦκάλλους
1259 520 1332 600 ίσιυς

317 646 370 716 καί
388 649 425 715 τὸ
442 653 582 714 τοιοῦτον
599 644 707 736 ἔλαχεν
726 631 850 736 ὄνομα),
867 633 1027 738 Ᾰγλαΐδας
1039 640 1090 710 οὖν
1107 641 1208 725 οὗτος,
1227 645 1333 740 γόνους
1393 738 1398 745 ι

319 772 360 838 ὥν
391 782 454 839 τῶν
484 759 692 863 εὐπατρίθιυν,
723 769 774 835 καὶ
802 769 929 854 πλούτῳ
950 779 1075 860 κομῶν,
1102 767 1241 863 ἀφορμὰς
1269 762 1332 862 εἶχε

320 904 422 962 ταῦτα
442 894 518 986 πρὸς
530 886 656 973 ήθονάς,
673 891 727 959 καὶ
741 891 924 970 ἀκολάστοις
943 897 1049 985 ὁρμαῖς
1068 884 1227 970 ἐξεθίθοτο
1237 879 1263 963 ⁸.
1278 891 1334 963 Διθ

317 1024 370 1089 καὶ
385 1023 440 1094 τήν
452 1019 598 1112 παρθένον
614 1016 761 1096 πολλάκις
773 1007 845 1084 ἐθῶν
864 1008 1105 1111 παρσθεύουσαν,
1121 1017 1173 1084 καὶ
1186 1018 1260 1111 πρὸς
1275 1018 1330 1086 τὸν

318 1154 374 1211 τοῦ
394 1147 473 1211 Θεοῦ
497 1136 578 1209 οἷκον
597 1143 830 1233 ἀφικνουμένην,
853 1151 899 1228 τῷ
923 1137 1028 1209 καλλιι
1045 1143 1163 1221 ταύτης
1181 1139 1232 1210 οἷα
1250 1144 1334 1228 βέλει

318 1257 424 1345 δεινῶς
443 1261 600 1351 βαλλεται·
625 1262 728 1330 καίτοι
746 1261 899 1355 μαραίνειν
919 1265 995 1332 αὐτὸ
1015 1265 1067 1332 καὶ
1085 1265 1239 1357 ἀμαυροῦν
1254 1263 1331 1333 ἐκεί-

318 1415 383 1474 νης,
404 1389 459 1456 οἵτε
481 1389 630 1480 σφαλερὸν
647 1391 699 1454 καὶ
717 1380 889 1470 ἐπίθουλον,
907 1387 1055 1467 νηστείαις
1080 1390 1145 1482 ἅμα
1163 1390 1215 1456 καὶ
1234 1415 1332 1480 προσ·

318 1521 419 1606 ευχαῖς
445 1506 486 1579 δι’
510 1515 583 1579 όλου
610 1498 866 1605 μηχανωμένηςί.
887 1501 963 1578 Ᾰλλ“
989 1511 1078 1590 οὗτος
1104 1512 1184 1583 ποίνυ
1209 1512 1332 1606 λίχνους

317 1641 394 1732 ἔχων
415 1638 487 1717 τοὺς
506 1636 694 1729 ὀφθαλμοὺς,
712 1636 858 1730 πρότερον
883 1637 937 1729 μὲν
962 1635 1018 1718 τὰς
1043 1629 1134 1718 όθοθς
1153 1640 1262 1730 ἐτήρει,
1279 1638 1333 1705 καὶ

199 1791 203 1797 ·
316 1752 542 1857 παρερύλάττε,
571 1762 623 1828 καὶ
645 1768 788 1830 ὑπαντῶν
814 1751 970 1856 εύρήμει5
993 1765 1130 1848 ταύτην,
1154 1767 1255 1857 ἐπήνει
1275 1773 1331 1832 τοῦ

318 1874 461 1971 καλλους,
480 1885 632 1978 μακαρίαν
650 1887 749 1954 ίκάλει
768 1896 822 1954 τοῦ
841 1892 1065 1981 εὐτυχήματος.
1093 1885 1176 1956 Εἶτα
1194 1889 1246 1957 τὸν
1269 1889 1332 1957 πό-

317 2012 367 2079 θον
386 2011 438 2078 καὶ
456 2002 509 2077 θιά
527 2003 688 2102 ωμόιιλων
708 2019 797 2077 τινῶν
818 2011 1011 2104 ἀπεσήμαινε,
1033 2013 1086 2081 καὶ
1106 1998 1260 2091 πολλοῖςο
1281 2003 1332 2080 θι·

318 2138 433 2216 κτύοις,
451 2137 492 2213 ῶς
503 2130 540 2200 ἀν
560 2131 637 2201 εἴποι
654 2159 714 2210 τις,
730 2135 786 2208 τήν
801 2131 894 2225 θήραν
915 2131 1225 2229 προκατιλοίμόανεν·
1250 2132 1332 2204 ἀλλὰ

317 2269 355 2353 τῇ
375 2258 513 2352 παρθένῳ
531 2256 625 2323 ταυτὶ
645 2255 751 2323 πάντα
766 2261 858 2350 λῆρος
875 2252 1003 2352 ἀκριόης
1023 2260 1077 2328 καὶ
1097 2260 1214 2352 νόμεσις
1230 2259 1331 2356 ἐλογί·

317 2378 398 2469 ζετο,
426 2379 478 2448 καὶ
503 2383 594 2472 γελάν
623 2383 739 2472 μᾶλλον
765 2377 785 2455 ἢ
808 2384 966 2475 προσέχειν
989 2384 1141 2474 σώρροσιν
1163 2381 1332 2476 όρθαλμοῖς

318 2507 370 2575 καὶ
388 2503 494 2585 ἀκοαῖς
508 2493 521 2536 ⁷
540 2497 641 2573 ἐδόκει
657 2497 739 2582 ἀξια.

373 2620 538 2724 Ᾱπορήσας
561 2625 612 2697 οὖν
642 2617 800 2723 Ᾱγλαΐθας
829 2638 885 2696 τοῦ
917 2620 1040 2697 τοιοῦθι
1068 2630 1207 2720 σκότου,
1224 2632 1331 2727 θτόραν

319 2749 431 2824 όθεύειν
447 2757 536 2850 ἔγνω·
554 2755 606 2822 καὶ
626 2754 700 2847 πρὸς
715 2751 816 2848 γοίμου
833 2741 1015 2821 κοινωνίαν8
1033 2751 1201 2849 ἀγαγέσθαι
1217 2756 1331 2830 ταύτην

320 2871 427 2957 ἐζήτει.
443 2862 608 2945 ίουστίνα9
625 2869 662 2944 θθ
681 2878 799 2969 νύμφην
819 2879 930 2952 ἑαυτήν
947 2878 1030 2971 μόνῳ
1048 2887 1095 2965 τῷ
1112 2880 1241 2972 Χριστῷ
1260 2877 1333 2947 καθ·

321 3002 627 3096 ομολογήσασα,τοθς
647 2997 757 3076 ἀλλους
773 3005 898 3095 εὐγενῶς
916 2995 1060 3078 ἀπηξίου·
1080 2992 1205 3095 Ᾰρκεῑος
1219 2991 1258 3089 ¹⁸,
1277 3004 1333 3073 λε’·

320 3152 429 3221 γουσα,
448 3125 573 3218 νύμριος
592 3129 608 3193 ό
626 3125 683 3198 τήν
705 3125 865 3216 παρθενίαν
884 3123 951 3216 ἐμοὶ
969 3123 1147 3218 ρυλάττιυν,
1165 3126 1218 3197 καὶ
1235 3132 1333 3218 μολυ-

319 3261 398 3343 σμοῦ
428 3260 527 3344 τηρῶν
555 3248 762 3341 ἀνεπίμικτον.
790 3249 916 3328 Τούτοις
943 3239 1104 3344 Ᾱγλαίθας
1128 3258 1191 3329 τοῖς
1217 3254 1333 3345 ῥήμασι

319 3378 410 3443 πλέον
432 3371 452 3448 ἢ
476 3374 577 3458 βέλεσι
595 3373 834 3465 τιτρωσκόμενος
860 3375 966 3466 γνώμη
978 3357 1003 3402 ¹¹
1023 3362 1091 3465 (καὶ
1112 3370 1171 3467 γὰρ
1190 3374 1331 3470 ἀποτυγ.

354 3667 377 3712 1.
393 3660 470 3713 Deest
479 3660 534 3710 tota
546 3657 667 3726 ρεεοειλι.
682 3659 711 3712 B.
862 3663 886 3710 7.
904 3657 1331 3730 Ἆκοῆςᾶξια(ἰιε1ος.οεοι.8.ῦ.).

351 3733 762 3810 ².⁰0mp,A.-'omp,1).1².
828 3768 861 3781 -
869 3743 971 3808 Ἀνᾶίια,
986 3744 1018 3797 Δ.

350 3833 374 3881 θ.
388 3827 537 3886 Ἐξεθίδοτσ.
547 3827 579 3881 Β.
589 3826 618 3880 C.
628 3826 659 3881 D·
672 3825 703 3879 Ε.
715 3827 743 3880 1².
863 3832 888 3880 θ.
904 3827 1069 3889 Κοινωνείαν,
1079 3829 1111 3881 Β.

350 3918 375 3966 θ.
392 3911 586 3981 Μηχανομίνης,
595 3912 626 3964 Β.
635 3910 665 3964 1³.
860 3916 886 3965 9.
902 3912 1011 3972 Ἰούστο,
1024 3912 1054 3966 1³.

350 4005 374 4049 Β.
391 3995 653 4055 ὓσοιιειθθιιωνοοσε.
672 3996 704 4050 1).
847 4003 885 4048 to.
901 3995 1023 4065 Ἆρκιτθς,
1033 3995 1064 4052 1¹¹.

346 4089 371 4131 ο.
389 4080 479 4138 Πολὺς.
496 4078 525 4132 Β.
846 4083 885 4130 11.
904 4078 989 4144 Deest,
999 4079 1029 4132 C.
1039 4079 1071 4134 Ι).
1080 4078 1109 4131 F.
