<?xml version="1.0" encoding="UTF-8"?>
<!DOCTYPE html PUBLIC "-//W3C//DTD XHTML 1.0 Transitional//EN"
    "http://www.w3.org/TR/xhtml1/DTD/xhtml1-transitional.dtd">
<html xmlns="http://www.w3.org/1999/xhtml" xml:lang="en" lang="en">
 <head>
  <title>
</title>
<meta http-equiv="Content-Type" content="text/html;charset=utf-8" />
  <meta name='ocr-system' content='tesseract 3.04.00' />
  <meta name='ocr-capabilities' content='ocr_page ocr_carea ocr_par ocr_line ocrx_word'/>
</head>
<body>
  <div class='ocr_page' id='page_1' title='image "./desanctocyprian00blamgoog_0389.png"; bbox 0 0 3300 5272; ppageno 0'>
   <div class='ocr_carea' id='block_1_1' title="bbox 542 402 1231 483">
    <p class='ocr_par' dir='ltr' id='par_1_1' title="bbox 542 402 1231 483">
     <span class='ocr_line' id='line_1_1' title="bbox 542 402 1231 483; baseline 0 -2"><span class='ocrx_word' id='word_1_1' title='bbox 542 431 669 481; x_wconf 80' lang='lat' dir='ltr'><strong>sturnus</strong></span> <span class='ocrx_word' id='word_1_2' title='bbox 693 431 732 480; x_wconf 84' lang='lat' dir='ltr'><strong>nr</strong></span> <span class='ocrx_word' id='word_1_3' title='bbox 758 432 913 483; x_wconf 78' lang='lat' dir='ltr'><strong>somnos.</strong></span> <span class='ocrx_word' id='word_1_4' title='bbox 1187 402 1231 481; x_wconf 81' lang='lat'><strong>&#39;75</strong></span> 
     </span>
    </p>
   </div>
   <div class='ocr_carea' id='block_1_2' title="bbox 128 558 1236 3639">
    <p class='ocr_par' dir='ltr' id='par_1_2' title="bbox 128 558 1236 3266">
     <span class='ocr_line' id='line_1_2' title="bbox 225 558 1233 658; baseline 0.001 -28"><span class='ocrx_word' id='word_1_5' title='bbox 225 560 330 632; x_wconf 83' lang='lat' dir='ltr'><strong>variis</strong></span> <span class='ocrx_word' id='word_1_6' title='bbox 344 560 471 635; x_wconf 79' lang='lat' dir='ltr'><strong>Alrioae</strong></span> <span class='ocrx_word' id='word_1_7' title='bbox 488 583 642 635; x_wconf 85' lang='lat' dir='ltr'><strong>romonae</strong></span> <span class='ocrx_word' id='word_1_8' title='bbox 655 560 841 657; x_wconf 81' lang='lat' dir='ltr'><strong>provinciis</strong></span> <span class='ocrx_word' id='word_1_9' title='bbox 852 558 1094 658; x_wconf 78' lang='lat' dir='ltr'><strong>Carthaginem</strong></span> <span class='ocrx_word' id='word_1_10' title='bbox 1112 581 1233 631; x_wconf 84' lang='lat' dir='ltr'><strong>conve·</strong></span> 
     </span>
     <span class='ocr_line' id='line_1_3' title="bbox 224 680 1233 782; baseline -0.002 -26"><span class='ocrx_word' id='word_1_11' title='bbox 224 683 298 756; x_wconf 89' lang='lat' dir='ltr'><strong>nire</strong></span> <span class='ocrx_word' id='word_1_12' title='bbox 326 685 508 782; x_wconf 79' lang='lat' dir='ltr'><strong>quotannis</strong></span> <span class='ocrx_word' id='word_1_13' title='bbox 537 681 695 757; x_wconf 90' lang='lat' dir='ltr'><strong>solebant</strong></span> <span class='ocrx_word' id='word_1_14' title='bbox 720 683 872 781; x_wconf 89' lang='lat' dir='ltr'><strong>episeopi</strong></span> <span class='ocrx_word' id='word_1_15' title='bbox 903 681 1028 780; x_wconf 89' lang='lat' dir='ltr'><strong>quibus</strong></span> <span class='ocrx_word' id='word_1_16' title='bbox 1057 680 1233 778; x_wconf 84' lang='lat' dir='ltr'><strong>Carthagi·</strong></span> 
     </span>
     <span class='ocr_line' id='line_1_4' title="bbox 223 804 1227 906; baseline -0.005 -26"><span class='ocrx_word' id='word_1_17' title='bbox 223 808 351 881; x_wconf 87' lang='lat' dir='ltr'><strong>niensis</strong></span> <span class='ocrx_word' id='word_1_18' title='bbox 365 807 520 906; x_wconf 76' lang='lat' dir='ltr'><strong>pontifex</strong></span> <span class='ocrx_word' id='word_1_19' title='bbox 532 805 600 881; x_wconf 90' lang='lat' dir='ltr'><strong>loei</strong></span> <span class='ocrx_word' id='word_1_20' title='bbox 615 830 721 881; x_wconf 85' lang='lat' dir='ltr'><strong>rausa</strong></span> <span class='ocrx_word' id='word_1_21' title='bbox 733 818 891 906; x_wconf 83' lang='lat' dir='ltr'><strong>praeerat.</strong></span> <span class='ocrx_word' id='word_1_22' title='bbox 907 811 985 881; x_wconf 86' lang='lat' dir='ltr'><strong>lam</strong></span> <span class='ocrx_word' id='word_1_23' title='bbox 996 815 1074 879; x_wconf 87' lang='lat' dir='ltr'><strong>ante</strong></span> <span class='ocrx_word' id='word_1_24' title='bbox 1087 804 1227 903; x_wconf 86' lang='lat' dir='ltr'><strong>Cypria-</strong></span> 
     </span>
     <span class='ocr_line' id='line_1_5' title="bbox 223 925 1232 1029; baseline -0.005 -27"><span class='ocrx_word' id='word_1_25' title='bbox 223 953 307 1003; x_wconf 89' lang='lat' dir='ltr'><strong>num</strong></span> <span class='ocrx_word' id='word_1_26' title='bbox 335 931 465 1005; x_wconf 85' lang='lat' dir='ltr'><strong>scimus</strong></span> <span class='ocrx_word' id='word_1_27' title='bbox 492 929 698 1029; x_wconf 81' lang='lat' dir='ltr'><strong>Carthagine</strong></span> <span class='ocrx_word' id='word_1_28' title='bbox 729 927 773 1004; x_wconf 90' lang='lat' dir='ltr'><strong>de</strong></span> <span class='ocrx_word' id='word_1_29' title='bbox 801 930 911 1004; x_wconf 86' lang='lat' dir='ltr'><strong>saeris</strong></span> <span class='ocrx_word' id='word_1_30' title='bbox 936 927 1081 1003; x_wconf 81' lang='lat' dir='ltr'><strong>concilia</strong></span> <span class='ocrx_word' id='word_1_31' title='bbox 1111 925 1232 999; x_wconf 87' lang='lat' dir='ltr'><strong>habita</strong></span> 
     </span>
     <span class='ocr_line' id='line_1_6' title="bbox 223 1051 1231 1153; baseline -0.006 -25"><span class='ocrx_word' id='word_1_32' title='bbox 223 1055 349 1149; x_wconf 80' lang='lat' dir='ltr'><strong>luisse3</strong></span> <span class='ocrx_word' id='word_1_33' title='bbox 369 1064 534 1152; x_wconf 79' lang='lat' dir='ltr'><strong>praterea</strong></span> <span class='ocrx_word' id='word_1_34' title='bbox 559 1078 696 1153; x_wconf 87' lang='lat' dir='ltr'><strong>quaque</strong></span> <span class='ocrx_word' id='word_1_35' title='bbox 717 1055 755 1128; x_wconf 92' lang='lat' dir='ltr'><strong>in</strong></span> <span class='ocrx_word' id='word_1_36' title='bbox 777 1053 955 1152; x_wconf 74' lang='lat' dir='ltr'><strong>provincia</strong></span> <span class='ocrx_word' id='word_1_37' title='bbox 970 1053 1084 1127; x_wconf 88' lang='lat' dir='ltr'><strong>senior</strong></span> <span class='ocrx_word' id='word_1_38' title='bbox 1100 1051 1231 1148; x_wconf 86' lang='lat' dir='ltr'><strong>episeo-</strong></span> 
     </span>
     <span class='ocr_line' id='line_1_7' title="bbox 221 1175 1232 1278; baseline -0.006 -26"><span class='ocrx_word' id='word_1_39' title='bbox 221 1203 288 1278; x_wconf 91' lang='lat' dir='ltr'><strong>pus</strong></span> <span class='ocrx_word' id='word_1_40' title='bbox 301 1179 392 1252; x_wconf 90' lang='lat' dir='ltr'><strong>inter</strong></span> <span class='ocrx_word' id='word_1_41' title='bbox 404 1178 491 1253; x_wconf 81' lang='lat' dir='ltr'><strong>alios</strong></span> <span class='ocrx_word' id='word_1_42' title='bbox 503 1179 694 1276; x_wconf 86' lang='lat' dir='ltr'><strong>prinoipem</strong></span> <span class='ocrx_word' id='word_1_43' title='bbox 709 1176 824 1252; x_wconf 85' lang='lat' dir='ltr'><strong>lorum</strong></span> <span class='ocrx_word' id='word_1_44' title='bbox 837 1175 1015 1253; x_wconf 83' lang='lat' dir='ltr'><strong>obtinebat</strong></span> <span class='ocrx_word' id='word_1_45' title='bbox 1027 1186 1062 1249; x_wconf 91' lang='lat' dir='ltr'><strong>et</strong></span> <span class='ocrx_word' id='word_1_46' title='bbox 1074 1175 1232 1251; x_wconf 81' lang='lat' dir='ltr'><strong>concioni</strong></span> 
     </span>
     <span class='ocr_line' id='line_1_8' title="bbox 221 1296 1233 1400; baseline -0.006 -25"><span class='ocrx_word' id='word_1_47' title='bbox 221 1300 429 1400; x_wconf 74' lang='lat' dir='ltr'><strong>praesidebat</strong></span> <span class='ocrx_word' id='word_1_48' title='bbox 453 1301 656 1399; x_wconf 83' lang='lat' dir='ltr'><strong>provinciali</strong></span> <span class='ocrx_word' id='word_1_49' title='bbox 687 1331 696 1376; x_wconf 74' lang='grc' dir='ltr'><strong>ε</strong></span> <span class='ocrx_word' id='word_1_50' title='bbox 725 1303 775 1375; x_wconf 89' lang='lat' dir='ltr'><strong>ita</strong></span> <span class='ocrx_word' id='word_1_51' title='bbox 798 1301 977 1377; x_wconf 82' lang='lat' dir='ltr'><strong>Lambesae</strong></span> <span class='ocrx_word' id='word_1_52' title='bbox 1005 1301 1041 1373; x_wconf 93' lang='lat' dir='ltr'><strong>in</strong></span> <span class='ocrx_word' id='word_1_53' title='bbox 1069 1296 1233 1375; x_wconf 86' lang='lat' dir='ltr'><strong>Numidia</strong></span> 
     </span>
     <span class='ocr_line' id='line_1_9' title="bbox 222 1423 962 1525; baseline -0.003 -26"><span class='ocrx_word' id='word_1_54' title='bbox 222 1427 409 1524; x_wconf 82' lang='lat' dir='ltr'><strong>nonaginta</strong></span> <span class='ocrx_word' id='word_1_55' title='bbox 419 1438 535 1525; x_wconf 85' lang='lat' dir='ltr'><strong>patros</strong></span> <span class='ocrx_word' id='word_1_56' title='bbox 550 1423 720 1524; x_wconf 79' lang='lat' dir='ltr'><strong>synodum</strong></span> <span class='ocrx_word' id='word_1_57' title='bbox 735 1425 962 1500; x_wconf 78' lang='lat' dir='ltr'><strong>celebrarunt.</strong></span> 
     </span>
     <span class='ocr_line' id='line_1_10' title="bbox 128 1546 1231 1641; baseline -0.005 -17"><span class='ocrx_word' id='word_1_58' title='bbox 128 1558 139 1577; x_wconf 61' lang='lat'>⁸</span> <span class='ocrx_word' id='word_1_59' title='bbox 270 1554 446 1641; x_wconf 84' lang='lat' dir='ltr'><strong>Attamen,</strong></span> <span class='ocrx_word' id='word_1_60' title='bbox 464 1551 632 1624; x_wconf 91' lang='lat' dir='ltr'><strong>Baronins</strong></span> <span class='ocrx_word' id='word_1_61' title='bbox 644 1548 726 1625; x_wconf 85' lang='lat' dir='ltr'><strong>lieet</strong></span> <span class='ocrx_word' id='word_1_62' title='bbox 742 1547 784 1623; x_wconf 91' lang='lat' dir='ltr'><strong>de</strong></span> <span class='ocrx_word' id='word_1_63' title='bbox 802 1549 868 1624; x_wconf 87' lang='lat' dir='ltr'><strong>hac</strong></span> <span class='ocrx_word' id='word_1_64' title='bbox 885 1572 922 1624; x_wconf 87' lang='lat' dir='ltr'><strong>re</strong></span> <span class='ocrx_word' id='word_1_65' title='bbox 937 1570 1013 1622; x_wconf 86' lang='lat' dir='ltr'><strong>una</strong></span> <span class='ocrx_word' id='word_1_66' title='bbox 1028 1556 1063 1621; x_wconf 89' lang='lat' dir='ltr'><strong>st</strong></span> <span class='ocrx_word' id='word_1_67' title='bbox 1074 1546 1139 1622; x_wconf 80' lang='lat' dir='ltr'><strong>viri</strong></span> <span class='ocrx_word' id='word_1_68' title='bbox 1156 1570 1231 1619; x_wconf 90' lang='lat' dir='ltr'><strong>am·</strong></span> 
     </span>
     <span class='ocr_line' id='line_1_11' title="bbox 222 1658 1230 1773; baseline -0.003 -26"><span class='ocrx_word' id='word_1_69' title='bbox 222 1672 367 1773; x_wconf 81' lang='lat' dir='ltr'><strong>piissimi</strong></span> <span class='ocrx_word' id='word_1_70' title='bbox 404 1658 502 1748; x_wconf 83' lang='lat' dir='ltr'><strong>aliter</strong></span> <span class='ocrx_word' id='word_1_71' title='bbox 536 1675 707 1768; x_wconf 91' lang='lat' dir='ltr'><strong>sentiant,</strong></span> <span class='ocrx_word' id='word_1_72' title='bbox 747 1673 958 1749; x_wconf 82' lang='lat' dir='ltr'><strong>Christianos</strong></span> <span class='ocrx_word' id='word_1_73' title='bbox 995 1695 1230 1771; x_wconf 84' lang='lat' dir='ltr'><strong>quoscumque</strong></span> 
     </span>
     <span class='ocr_line' id='line_1_12' title="bbox 222 1797 1230 1873; baseline -0.003 -2"><span class='ocrx_word' id='word_1_74' title='bbox 222 1798 398 1871; x_wconf 78' lang='lat' dir='ltr'><strong>communi</strong></span> <span class='ocrx_word' id='word_1_75' title='bbox 424 1797 547 1872; x_wconf 85' lang='lat' dir='ltr'><strong>habitu</strong></span> <span class='ocrx_word' id='word_1_76' title='bbox 577 1823 661 1873; x_wconf 91' lang='lat' dir='ltr'><strong>usos</strong></span> <span class='ocrx_word' id='word_1_77' title='bbox 687 1798 796 1873; x_wconf 85' lang='lat' dir='ltr'><strong>fnisse</strong></span> <span class='ocrx_word' id='word_1_78' title='bbox 822 1797 890 1872; x_wconf 88' lang='lat' dir='ltr'><strong>hao</strong></span> <span class='ocrx_word' id='word_1_79' title='bbox 920 1799 956 1872; x_wconf 93' lang='lat' dir='ltr'><strong>in</strong></span> <span class='ocrx_word' id='word_1_80' title='bbox 983 1797 1137 1871; x_wconf 85' lang='lat' dir='ltr'><strong>nascenti</strong></span> <span class='ocrx_word' id='word_1_81' title='bbox 1161 1799 1230 1869; x_wconf 88' lang='lat' dir='ltr'><strong>Eo·</strong></span> 
     </span>
     <span class='ocr_line' id='line_1_13' title="bbox 224 1921 1231 2021; baseline -0.002 -27"><span class='ocrx_word' id='word_1_82' title='bbox 224 1921 330 1995; x_wconf 82' lang='lat' dir='ltr'><strong>alesia</strong></span> <span class='ocrx_word' id='word_1_83' title='bbox 347 1933 561 2021; x_wconf 88' lang='lat' dir='ltr'><strong>compertum</strong></span> <span class='ocrx_word' id='word_1_84' title='bbox 583 1922 767 1997; x_wconf 87' lang='lat' dir='ltr'><strong>habemus.</strong></span> <span class='ocrx_word' id='word_1_85' title='bbox 791 1923 927 2013; x_wconf 85' lang='lat' dir='ltr'><strong>Quibus</strong></span> <span class='ocrx_word' id='word_1_86' title='bbox 949 1945 1031 1996; x_wconf 90' lang='lat' dir='ltr'><strong>sane</strong></span> <span class='ocrx_word' id='word_1_87' title='bbox 1056 1932 1130 1998; x_wconf 90' lang='lat' dir='ltr'><strong>tum</strong></span> <span class='ocrx_word' id='word_1_88' title='bbox 1149 1943 1231 1993; x_wconf 89' lang='lat' dir='ltr'><strong>eon·</strong></span> 
     </span>
     <span class='ocr_line' id='line_1_14' title="bbox 227 2032 1233 2144; baseline -0.004 -25"><span class='ocrx_word' id='word_1_89' title='bbox 227 2044 372 2120; x_wconf 90' lang='lat' dir='ltr'><strong>suetudo</strong></span> <span class='ocrx_word' id='word_1_90' title='bbox 392 2048 483 2120; x_wconf 90' lang='lat' dir='ltr'><strong>inter</strong></span> <span class='ocrx_word' id='word_1_91' title='bbox 499 2070 537 2120; x_wconf 88' lang='lat' dir='ltr'><strong>se</strong></span> <span class='ocrx_word' id='word_1_92' title='bbox 554 2069 596 2121; x_wconf 89' lang='lat' dir='ltr'><strong>ao</strong></span> <span class='ocrx_word' id='word_1_93' title='bbox 621 2045 851 2140; x_wconf 77' lang='lat' dir='ltr'><strong>familiaritas,</strong></span> <span class='ocrx_word' id='word_1_94' title='bbox 867 2057 944 2121; x_wconf 89' lang='lat' dir='ltr'><strong>turn</strong></span> <span class='ocrx_word' id='word_1_95' title='bbox 962 2032 1164 2144; x_wconf 83' lang='lat' dir='ltr'><strong>simplicitas</strong></span> <span class='ocrx_word' id='word_1_96' title='bbox 1192 2067 1233 2116; x_wconf 90' lang='lat' dir='ltr'><strong>ao</strong></span> 
     </span>
     <span class='ocr_line' id='line_1_15' title="bbox 225 2168 1234 2269; baseline -0.003 -26"><span class='ocrx_word' id='word_1_97' title='bbox 225 2168 396 2245; x_wconf 85' lang='lat' dir='ltr'><strong>modestia</strong></span> <span class='ocrx_word' id='word_1_98' title='bbox 423 2172 479 2245; x_wconf 89' lang='lat' dir='ltr'><strong>cui</strong></span> <span class='ocrx_word' id='word_1_99' title='bbox 505 2172 699 2269; x_wconf 79' lang='lat' dir='ltr'><strong>prasertim</strong></span> <span class='ocrx_word' id='word_1_100' title='bbox 726 2170 932 2265; x_wconf 85' lang='lat' dir='ltr'><strong>studebant,</strong></span> <span class='ocrx_word' id='word_1_101' title='bbox 956 2170 1128 2269; x_wconf 90' lang='lat' dir='ltr'><strong>imprimis</strong></span> <span class='ocrx_word' id='word_1_102' title='bbox 1151 2191 1234 2241; x_wconf 79' lang='lat' dir='ltr'><strong>vero</strong></span> 
     </span>
     <span class='ocr_line' id='line_1_16' title="bbox 221 2281 1234 2393; baseline -0.004 -26"><span class='ocrx_word' id='word_1_103' title='bbox 221 2281 457 2393; x_wconf 86' lang='lat' dir='ltr'><strong>profanorum</strong></span> <span class='ocrx_word' id='word_1_104' title='bbox 476 2293 562 2369; x_wconf 87' lang='lat' dir='ltr'><strong>adeo</strong></span> <span class='ocrx_word' id='word_1_105' title='bbox 590 2295 754 2370; x_wconf 86' lang='lat' dir='ltr'><strong>aoerbum</strong></span> <span class='ocrx_word' id='word_1_106' title='bbox 784 2298 822 2369; x_wconf 91' lang='lat' dir='ltr'><strong>in</strong></span> <span class='ocrx_word' id='word_1_107' title='bbox 853 2295 1028 2370; x_wconf 87' lang='lat' dir='ltr'><strong>Christum</strong></span> <span class='ocrx_word' id='word_1_108' title='bbox 1050 2290 1168 2367; x_wconf 91' lang='lat' dir='ltr'><strong>odium</strong></span> <span class='ocrx_word' id='word_1_109' title='bbox 1198 2302 1234 2365; x_wconf 94' lang='lat' dir='ltr'><strong>et</strong></span> 
     </span>
     <span class='ocr_line' id='line_1_17' title="bbox 221 2415 1231 2519; baseline -0.004 -27"><span class='ocrx_word' id='word_1_110' title='bbox 221 2418 378 2493; x_wconf 87' lang='lat' dir='ltr'><strong>inutilem</strong></span> <span class='ocrx_word' id='word_1_111' title='bbox 404 2429 440 2492; x_wconf 88' lang='lat' dir='ltr'><strong>et</strong></span> <span class='ocrx_word' id='word_1_112' title='bbox 467 2418 650 2494; x_wconf 87' lang='lat' dir='ltr'><strong>molestum</strong></span> <span class='ocrx_word' id='word_1_113' title='bbox 674 2431 710 2493; x_wconf 88' lang='lat' dir='ltr'><strong>et</strong></span> <span class='ocrx_word' id='word_1_114' title='bbox 729 2418 962 2519; x_wconf 84' lang='lat' dir='ltr'><strong>periculosum</strong></span> <span class='ocrx_word' id='word_1_115' title='bbox 981 2417 1100 2491; x_wconf 84' lang='lat' dir='ltr'><strong>alienae</strong></span> <span class='ocrx_word' id='word_1_116' title='bbox 1125 2415 1231 2489; x_wconf 83' lang='lat' dir='ltr'><strong>vestis</strong></span> 
     </span>
     <span class='ocr_line' id='line_1_18' title="bbox 221 2541 1235 2642; baseline -0.002 -27"><span class='ocrx_word' id='word_1_117' title='bbox 221 2566 326 2617; x_wconf 92' lang='lat' dir='ltr'><strong>usum</strong></span> <span class='ocrx_word' id='word_1_118' title='bbox 353 2542 570 2642; x_wconf 77' lang='lat' dir='ltr'><strong>praebuisset.</strong></span> <span class='ocrx_word' id='word_1_119' title='bbox 600 2542 738 2617; x_wconf 88' lang='lat' dir='ltr'><strong>Plebeio</strong></span> <span class='ocrx_word' id='word_1_120' title='bbox 770 2544 875 2642; x_wconf 83' lang='lat' dir='ltr'><strong>igitur</strong></span> <span class='ocrx_word' id='word_1_121' title='bbox 889 2553 936 2619; x_wconf 86' lang='lat' dir='ltr'><strong>et</strong></span> <span class='ocrx_word' id='word_1_122' title='bbox 961 2541 1083 2617; x_wconf 91' lang='lat' dir='ltr'><strong>humili</strong></span> <span class='ocrx_word' id='word_1_123' title='bbox 1109 2551 1235 2615; x_wconf 89' lang='lat' dir='ltr'><strong>ornatu</strong></span> 
     </span>
     <span class='ocr_line' id='line_1_19' title="bbox 222 2664 1236 2760; baseline -0.002 -21"><span class='ocrx_word' id='word_1_124' title='bbox 222 2664 471 2760; x_wconf 83' lang='lat' dir='ltr'><strong>induebantnr3</strong></span> <span class='ocrx_word' id='word_1_125' title='bbox 488 2676 525 2740; x_wconf 89' lang='lat' dir='ltr'><strong>at</strong></span> <span class='ocrx_word' id='word_1_126' title='bbox 535 2668 572 2741; x_wconf 93' lang='lat' dir='ltr'><strong>in</strong></span> <span class='ocrx_word' id='word_1_127' title='bbox 589 2665 727 2741; x_wconf 89' lang='lat' dir='ltr'><strong>mundis</strong></span> <span class='ocrx_word' id='word_1_128' title='bbox 738 2665 891 2741; x_wconf 85' lang='lat' dir='ltr'><strong>vestibus</strong></span> <span class='ocrx_word' id='word_1_129' title='bbox 907 2690 967 2741; x_wconf 89' lang='lat' dir='ltr'><strong>sos</strong></span> <span class='ocrx_word' id='word_1_130' title='bbox 986 2689 1061 2742; x_wconf 90' lang='lat' dir='ltr'><strong>rem</strong></span> <span class='ocrx_word' id='word_1_131' title='bbox 1082 2664 1236 2740; x_wconf 83' lang='lat' dir='ltr'><strong>diuinam</strong></span> 
     </span>
     <span class='ocr_line' id='line_1_20' title="bbox 223 2789 1235 2883; baseline -0.003 -18"><span class='ocrx_word' id='word_1_132' title='bbox 223 2791 348 2866; x_wconf 81' lang='lat' dir='ltr'><strong>fecisse</strong></span> <span class='ocrx_word' id='word_1_133' title='bbox 386 2790 470 2865; x_wconf 82' lang='lat' dir='ltr'><strong>dicit</strong></span> <span class='ocrx_word' id='word_1_134' title='bbox 509 2790 752 2867; x_wconf 88' lang='lat' dir='ltr'><strong>Tertullianus.</strong></span> <span class='ocrx_word' id='word_1_135' title='bbox 786 2792 1019 2883; x_wconf 84' lang='lat' dir='ltr'><strong>Quamobrem</strong></span> <span class='ocrx_word' id='word_1_136' title='bbox 1055 2789 1115 2865; x_wconf 90' lang='lat' dir='ltr'><strong>illo</strong></span> <span class='ocrx_word' id='word_1_137' title='bbox 1156 2813 1235 2863; x_wconf 87' lang='lat' dir='ltr'><strong>mu·</strong></span> 
     </span>
     <span class='ocr_line' id='line_1_21' title="bbox 222 2915 1233 3015; baseline -0.002 -25"><span class='ocrx_word' id='word_1_138' title='bbox 222 2915 365 2991; x_wconf 80' lang='lat' dir='ltr'><strong>lienibus</strong></span> <span class='ocrx_word' id='word_1_139' title='bbox 404 2940 623 3015; x_wconf 87' lang='lat' dir='ltr'><strong>purpureas,</strong></span> <span class='ocrx_word' id='word_1_140' title='bbox 664 2917 916 3015; x_wconf 66' lang='lat' dir='ltr'><strong>hyacinthus,</strong></span> <span class='ocrx_word' id='word_1_141' title='bbox 958 2918 1081 2992; x_wconf 74' lang='lat' dir='ltr'><strong>urinas</strong></span> <span class='ocrx_word' id='word_1_142' title='bbox 1120 2925 1233 2989; x_wconf 82' lang='lat' dir='ltr'><strong>uestes</strong></span> 
     </span>
     <span class='ocr_line' id='line_1_22' title="bbox 223 3039 1232 3138; baseline -0.002 -25"><span class='ocrx_word' id='word_1_143' title='bbox 223 3040 419 3138; x_wconf 85' lang='lat' dir='ltr'><strong>exprobrat,</strong></span> <span class='ocrx_word' id='word_1_144' title='bbox 443 3062 487 3115; x_wconf 85' lang='lat' dir='ltr'><strong>ao</strong></span> <span class='ocrx_word' id='word_1_145' title='bbox 507 3043 663 3116; x_wconf 82' lang='lat' dir='ltr'><strong>nativum</strong></span> <span class='ocrx_word' id='word_1_146' title='bbox 684 3043 821 3117; x_wconf 85' lang='lat' dir='ltr'><strong>velleris</strong></span> <span class='ocrx_word' id='word_1_147' title='bbox 840 3041 991 3117; x_wconf 86' lang='lat' dir='ltr'><strong>colorem</strong></span> <span class='ocrx_word' id='word_1_148' title='bbox 1017 3039 1150 3129; x_wconf 85' lang='lat' dir='ltr'><strong>laudat,</strong></span> <span class='ocrx_word' id='word_1_149' title='bbox 1176 3051 1232 3112; x_wconf 87' lang='lat' dir='ltr'><strong>ut-</strong></span> 
     </span>
     <span class='ocr_line' id='line_1_23' title="bbox 223 3166 965 3266; baseline 0.004 -30"><span class='ocrx_word' id='word_1_150' title='bbox 223 3176 303 3260; x_wconf 88' lang='lat' dir='ltr'><strong>pote</strong></span> <span class='ocrx_word' id='word_1_151' title='bbox 321 3166 380 3261; x_wconf 91' lang='lat' dir='ltr'><strong>qui</strong></span> <span class='ocrx_word' id='word_1_152' title='bbox 396 3186 419 3236; x_wconf 88' lang='lat' dir='ltr'><strong>a</strong></span> <span class='ocrx_word' id='word_1_153' title='bbox 438 3175 562 3239; x_wconf 83' lang='lat' dir='ltr'><strong>natura</strong></span> <span class='ocrx_word' id='word_1_154' title='bbox 578 3167 965 3266; x_wconf 78' lang='lat' dir='ltr'><strong>parentepraebeatur1.</strong></span> 
     </span>
    </p>

    <p class='ocr_par' dir='ltr' id='par_1_3' title="bbox 220 3285 1233 3639">
     <span class='ocr_line' id='line_1_24' title="bbox 271 3285 1233 3389; baseline -0.002 -29"><span class='ocrx_word' id='word_1_155' title='bbox 271 3285 371 3376; x_wconf 83' lang='lat' dir='ltr'><strong>Quod</strong></span> <span class='ocrx_word' id='word_1_156' title='bbox 382 3287 544 3362; x_wconf 90' lang='lat' dir='ltr'><strong>omnibus</strong></span> <span class='ocrx_word' id='word_1_157' title='bbox 558 3292 779 3387; x_wconf 85' lang='lat' dir='ltr'><strong>perspicuum</strong></span> <span class='ocrx_word' id='word_1_158' title='bbox 796 3291 870 3366; x_wconf 84' lang='lat' dir='ltr'><strong>fore</strong></span> <span class='ocrx_word' id='word_1_159' title='bbox 885 3291 1053 3389; x_wconf 86' lang='lat' dir='ltr'><strong>exipsius</strong></span> <span class='ocrx_word' id='word_1_160' title='bbox 1069 3285 1233 3385; x_wconf 80' lang='lat' dir='ltr'><strong>Cypriani</strong></span> 
     </span>
     <span class='ocr_line' id='line_1_25' title="bbox 221 3409 1226 3512; baseline -0.002 -29"><span class='ocrx_word' id='word_1_161' title='bbox 221 3409 294 3483; x_wconf 80' lang='lat' dir='ltr'><strong>vita</strong></span> <span class='ocrx_word' id='word_1_162' title='bbox 319 3410 571 3485; x_wconf 88' lang='lat' dir='ltr'><strong>existimamus.</strong></span> <span class='ocrx_word' id='word_1_163' title='bbox 604 3417 691 3487; x_wconf 91' lang='lat' dir='ltr'><strong>Cum</strong></span> <span class='ocrx_word' id='word_1_164' title='bbox 726 3416 820 3488; x_wconf 87' lang='lat' dir='ltr'><strong>enirn</strong></span> <span class='ocrx_word' id='word_1_165' title='bbox 855 3425 967 3512; x_wconf 70' lang='lat' dir='ltr'><strong>apost</strong></span> <span class='ocrx_word' id='word_1_166' title='bbox 992 3414 1060 3487; x_wconf 86' lang='lat' dir='ltr'><strong>iter</strong></span> <span class='ocrx_word' id='word_1_167' title='bbox 1085 3411 1226 3509; x_wconf 83' lang='lat' dir='ltr'><strong>longum</strong></span> 
     </span>
     <span class='ocr_line' id='line_1_26' title="bbox 220 3534 1228 3639; baseline 0.006 -32"><span class='ocrx_word' id='word_1_168' title='bbox 220 3534 329 3607; x_wconf 89' lang='lat' dir='ltr'><strong>nimio</strong></span> <span class='ocrx_word' id='word_1_169' title='bbox 352 3534 475 3609; x_wconf 88' lang='lat' dir='ltr'><strong>sudore</strong></span> <span class='ocrx_word' id='word_1_170' title='bbox 497 3535 692 3612; x_wconf 88' lang='lat' dir='ltr'><strong>madidatus</strong></span> <span class='ocrx_word' id='word_1_171' title='bbox 710 3538 867 3631; x_wconf 87' lang='lat' dir='ltr'><strong>sederet,</strong></span> <span class='ocrx_word' id='word_1_172' title='bbox 888 3539 1030 3639; x_wconf 88' lang='lat' dir='ltr'><strong>quidam</strong></span> <span class='ocrx_word' id='word_1_173' title='bbox 1050 3562 1095 3612; x_wconf 82' lang='lat' dir='ltr'><strong>ex</strong></span> <span class='ocrx_word' id='word_1_174' title='bbox 1115 3547 1228 3613; x_wconf 81' lang='lat' dir='ltr'><strong>tesse-</strong></span> 
     </span>
    </p>
   </div>
   <div class='ocr_carea' id='block_1_3' title="bbox 221 3663 1228 3870">
    <p class='ocr_par' dir='ltr' id='par_1_4' title="bbox 221 3663 1228 3870">
     <span class='ocr_line' id='line_1_27' title="bbox 221 3663 1228 3767; baseline 0.004 -30"><span class='ocrx_word' id='word_1_175' title='bbox 221 3663 336 3756; x_wconf 86' lang='lat' dir='ltr'><strong>rariis,</strong></span> <span class='ocrx_word' id='word_1_176' title='bbox 353 3663 528 3760; x_wconf 85' lang='lat' dir='ltr'><strong>quondam</strong></span> <span class='ocrx_word' id='word_1_177' title='bbox 545 3665 766 3762; x_wconf 85' lang='lat' dir='ltr'><strong>christianus,</strong></span> <span class='ocrx_word' id='word_1_178' title='bbox 784 3692 838 3743; x_wconf 91' lang='lat' dir='ltr'><strong>res</strong></span> <span class='ocrx_word' id='word_1_179' title='bbox 861 3693 944 3744; x_wconf 88' lang='lat' dir='ltr'><strong>suas</strong></span> <span class='ocrx_word' id='word_1_180' title='bbox 962 3668 1102 3761; x_wconf 91' lang='lat' dir='ltr'><strong>obtulit,</strong></span> <span class='ocrx_word' id='word_1_181' title='bbox 1128 3668 1228 3767; x_wconf 87' lang='lat' dir='ltr'><strong>quasi</strong></span> 
     </span>
     <span class='ocr_line' id='line_1_28' title="bbox 222 3786 1228 3870; baseline 0.008 -11"><span class='ocrx_word' id='word_1_182' title='bbox 222 3786 323 3862; x_wconf 82' lang='lat' dir='ltr'><strong>vehet</strong></span> <span class='ocrx_word' id='word_1_183' title='bbox 351 3786 408 3863; x_wconf 93' lang='lat' dir='ltr'><strong>ille</strong></span> <span class='ocrx_word' id='word_1_184' title='bbox 439 3790 654 3866; x_wconf 85' lang='lat' dir='ltr'><strong>vestimentis</strong></span> <span class='ocrx_word' id='word_1_185' title='bbox 685 3795 759 3867; x_wconf 92' lang='lat' dir='ltr'><strong>suis</strong></span> <span class='ocrx_word' id='word_1_186' title='bbox 797 3793 947 3870; x_wconf 90' lang='lat' dir='ltr'><strong>humidis</strong></span> <span class='ocrx_word' id='word_1_187' title='bbox 978 3795 1124 3868; x_wconf 82' lang='lat' dir='ltr'><strong>sicciora</strong></span> <span class='ocrx_word' id='word_1_188' title='bbox 1149 3818 1228 3867; x_wconf 90' lang='lat' dir='ltr'><strong>mu·</strong></span> 
     </span>
    </p>
   </div>
   <div class='ocr_carea' id='block_1_4' title="bbox 258 4058 793 4130">
    <p class='ocr_par' dir='ltr' id='par_1_5' title="bbox 258 4058 793 4130">
     <span class='ocr_line' id='line_1_29' title="bbox 258 4058 793 4130; baseline 0.021 -24"><span class='ocrx_word' id='word_1_189' title='bbox 258 4060 280 4106; x_wconf 90' lang='lat' dir='ltr'><strong>t.</strong></span> <span class='ocrx_word' id='word_1_190' title='bbox 298 4058 338 4109; x_wconf 81' lang='lat' dir='ltr'><strong>De</strong></span> <span class='ocrx_word' id='word_1_191' title='bbox 349 4058 616 4124; x_wconf 75' lang='lat' dir='ltr'><strong>cuttutoemtoorum,</strong></span> <span class='ocrx_word' id='word_1_192' title='bbox 631 4060 650 4114; x_wconf 91' lang='grc' dir='ltr'><strong>Ι.</strong></span> <span class='ocrx_word' id='word_1_193' title='bbox 665 4064 687 4130; x_wconf 83' lang='lat'><strong>1,</strong></span> <span class='ocrx_word' id='word_1_194' title='bbox 700 4077 723 4117; x_wconf 86' lang='lat' dir='ltr'><strong>o.</strong></span> <span class='ocrx_word' id='word_1_195' title='bbox 733 4078 793 4117; x_wconf 78' lang='lat' dir='ltr'><strong>vrri.</strong></span> 
     </span>
    </p>
   </div>
   <div class='ocr_carea' id='block_1_5' title="bbox 0 0 1654 5272">
    <p class='ocr_par' dir='ltr' id='par_1_6' title="bbox 0 0 1654 5272">
     <span class='ocr_line' id='line_1_30' title="bbox 0 0 1654 5272; baseline 0 0"><span class='ocrx_word' id='word_1_196' title='bbox 0 0 1654 5272; x_wconf 95' lang='lat' dir='ltr'><strong> </strong></span> 
     </span>
    </p>
   </div>
  </div>
 </body>
</html>
