3300 5272
492 517 776 569 enormernrsusrs
800 517 962 569 ursronrr.
1160 499 1227 569 119

229 644 478 742 inciduntque
501 644 634 744 prabet
656 656 778 719 natura
794 668 930 738 rerum,
954 650 1052 742 eujus
1076 656 1228 721 mntem·

228 769 334 865 pletio
353 780 405 842 est
418 770 611 842 animorum
622 768 776 842 naturale
796 769 895 866 quasi
909 767 1088 865 pabulum.
1110 767 1228 858 Quod·

228 890 310 965 dam
327 893 443 965 forsan
462 902 498 964 et
515 891 649 965 felicius
664 902 699 966 et
710 892 949 990 magisvbum
967 881 1022 965 his
1040 892 1228 990 Cyprianus

228 1013 335 1107 addit,
348 1016 478 1113 quippe
490 1015 549 1112 qui
564 1014 641 1089 bae
654 1014 803 1090 habeat:
830 1047 843 1082 ι
862 1015 1096 1106 Quandoarea
1106 1016 1223 1115 lruges

228 1138 319 1229 terit,
346 1148 464 1210 ventos
492 1127 610 1234 grana
625 1137 728 1211 lertia
753 1148 790 1212 et
814 1138 961 1213 robusta
988 1148 1223 1230 contemnunt,

227 1262 345 1335 inanes
366 1260 484 1357 paleae,
506 1258 591 1333 ilatu
611 1273 780 1357 portante,
803 1263 996 1359 rapiuntur.
1017 1293 1031 1325 ·

276 1384 472 1457 Pestilentia
497 1407 579 1456 vero
605 1407 682 1480 qnae
701 1384 828 1458 Airieae
848 1384 1115 1483 flagrantissimo
1139 1398 1225 1459 aestu

226 1506 497 1606 ingravescebat,
518 1507 636 1581 turbes
664 1509 825 1581 excitavit
853 1508 1056 1606 populares;
1080 1520 1114 1583 et
1137 1510 1225 1585 mul·

225 1645 339 1706 terum
357 1633 467 1729 turpis
485 1632 592 1703 animi
603 1629 803 1729 abjectioin
817 1646 936 1730 aperto
952 1631 1028 1706 fuit.
1050 1635 1226 1707 «Horrore

225 1780 357 1845 omnes,
368 1757 478 1853 inquit
495 1754 539 1828 de
554 1778 593 1828 re
608 1759 718 1848 testis,
732 1757 864 1853 fugere,
887 1758 994 1831 vitare
1013 1756 1223 1854 contagium,

226 1902 395 1978 exponere
415 1902 496 1954 suos
523 1879 651 1976 impie:
679 1880 840 1978 jacebant
859 1881 894 1953 in
912 1893 985 1954 tota
1002 1881 1138 1954 civitate
1156 1903 1225 1953 non

220 2013 294 2103 jam
313 2023 479 2101 corpora,
500 2001 559 2076 sed
585 2003 751 2078 cadavera
767 2004 1015 2102 plurimorum,
1041 2016 1076 2079 et
1093 2005 1225 2078 miseri·

225 2126 378 2202 cordiam
407 2129 505 2201 inse
532 2130 782 2201 transeuntium
810 2129 1093 2225 contemplatione
1124 2130 1225 2201 sortis

225 2263 353 2325 mutuae
374 2251 577 2348 flagitabant
601 2261 627 2322 ¹.
654 2281 668 2316 ι
696 2256 732 2324 ln
757 2263 830 2324 tarn
843 2250 981 2324 afflictis
1003 2251 1118 2340 rebus,
1138 2275 1226 2347 ques

224 2399 348 2473 parum
369 2385 475 2465 amat,
492 2375 575 2447 mali
592 2397 650 2449 eos
663 2399 826 2448 accusare
847 2374 933 2447 solet
945 2373 1085 2472 vulgusz
1097 2374 1224 2448 ludaeie

224 2511 356 2594 pestem
389 2498 543 2595 nigram,
574 2499 709 2597 jesuitis
744 2499 895 2597 priorem
920 2499 1084 2572 choleram
1108 2498 1226 2573 tribuit

223 2619 355 2718 plebes,
389 2621 594 2695 calamitatis
619 2624 815 2720 impatiens.
852 2622 1032 2696 Theodosii
1064 2635 1163 2696 aetate
1189 2626 1224 2697 in

225 2746 458 2817 Samaritanus
493 2768 535 2817 ae
557 2743 696 2818 Judaees
725 2744 856 2818 collatae
884 2756 964 2817 sunt
985 2746 1224 2840 ,spurcissima

224 2880 442 2965 tempestates
455 2899 465 2961 3
479 2868 623 2942 morbus
634 2893 715 2943 vero
729 2869 922 2943 christianis
931 2881 1005 2941 tum
1020 2869 1223 2966 assignatur.

224 2995 312 3065 Suos
337 2993 441 3091 igitur
462 2994 629 3065 innocuos
652 2992 952 3091 comprobaturus,
973 2990 1017 3064 ad
1037 2993 1226 3064 Demetrio·

222 3140 305 3201 num
317 3119 505 3215 Cyprianus
524 3118 675 3213 seripsit.
689 3118 767 3192 Non
781 3127 915 3214 pestem
929 3114 1032 3189 modo
1047 3117 1221 3211 conqueri,

223 3240 301 3330 sed,
326 3240 505 3314 bominum
535 3252 700 3337 perpetuo
730 3263 847 3331 more,
880 3238 925 3311 ad
956 3237 1071 3336 fruges
1100 3262 1225 3336 negare

221 3362 381 3435 idoneam
398 3375 638 3460 tempestatem
655 3386 742 3437 esse.
767 3393 782 3428 ι
807 3365 885 3437 Non
898 3363 1022 3460 hyeme
1038 3362 1224 3436 nutriendis

222 3485 411 3559 seminibus
435 3496 530 3557 tanta
555 3486 719 3560 imbrium
744 3487 843 3583 eopia
873 3497 936 3575 est,
970 3509 1039 3558 non
1071 3485 1227 3585 frugibus

220 3620 337 3682 aestete
364 3606 534 3681 torrendis
558 3607 640 3681 solis
663 3621 757 3680 tanta
776 3608 956 3707 flagrantia
982 3620 1048 3698 est,
1082 3633 1145 3682 nee
1176 3613 1226 3683 sie

221 3744 381 3805 vernante
399 3733 563 3830 temperie
581 3745 658 3806 sata
672 3733 751 3806 laeta
768 3746 868 3828 sunt,
890 3756 952 3806 nee
973 3732 1060 3806 adeo
1075 3733 1227 3807 arboreis

223 3855 363 3929 ioetibus
386 3866 553 3929 autumna
576 3854 740 3929 foeeunda
765 3869 844 3930 sunt
865 3867 892 3928 ².
934 3890 947 3923 n
982 3859 1060 3933 Non
1091 3881 1226 3932 omnem

262 4092 283 4136 1.
301 4085 421 4152 Pontius,
431 4087 476 4140 lx.

257 4177 282 4221 n.
299 4170 612 4237 nonemetrtonom,111.
