3300 5272
554 491 681 542 rrnrsos
706 493 745 542 ar
768 493 922 543 uonmns.
1203 473 1250 546 59

242 620 342 692 tiana
373 619 564 694 clarissima
593 619 729 695 indicia.
762 621 936 721 Oppidum
968 620 1049 696 illud
1082 634 1250 696 noverunt

240 743 370 817 Plinius
383 755 418 817 et
433 744 638 819 Ptolemaeus
650 777 659 838 ;
673 746 815 844 hujusce
828 745 1056 843 plurimorum
1069 747 1248 843 episcopo·

239 892 315 942 rum
335 870 476 942 nomina
496 882 735 967 pervenerunt,
756 877 878 969 etjam
893 870 1117 944 Uthinensam
1136 871 1244 943 antis·

238 992 335 1065 titem
367 991 594 1067 Tertullianus
625 1005 888 1068 commemorat.
920 995 975 1067 ef.
1009 993 1243 1084 Ruiaartium,

238 1117 382 1213 p.235.

654 1266 694 1314 m
719 1266 823 1315 orror.

283 1424 555 1524 Amphitheatri,
607 1428 752 1517 theatri,
799 1428 985 1503 multamm
1021 1427 1149 1503 aedium
1186 1429 1268 1535 in-⁸

235 1548 339 1622 dicia.

282 1672 337 1747 Ad
353 1673 559 1773 Bagradam,
582 1698 651 1747 non
672 1675 775 1773 longe
797 1699 820 1749 a
844 1674 1048 1772 Carthagine
1069 1676 1137 1748 sita
1154 1673 1239 1766 fnit,

201 1806 209 1816 ’
239 1821 345 1896 quam
360 1797 452 1895 apud
464 1798 624 1895 antiquos
637 1800 777 1873 Catonis
790 1800 912 1891 iatum,
928 1798 1020 1897 apud
1032 1799 1241 1872 Christianos

234 1934 402 2019 martyres
420 1921 468 1995 illi
488 1921 615 2020 egregii
634 1924 693 2021 qui
717 1947 830 1997 maron
856 1925 1001 1996 cartdidu
1026 1934 1108 1996 sunt
1125 1921 1241 2020 appel·

233 2047 291 2119 lati
313 2047 540 2120 illustrarunt.
570 2048 655 2120 Erat
680 2070 762 2120 sane
786 2047 870 2121 urbs
897 2046 1113 2144 amplissima
1141 2053 1239 2143 cujus

231 2195 356 2245 nomen
379 2172 415 2269 in
433 2173 665 2245 monumentis
683 2196 773 2270 saepe
789 2184 958 2246 versatur.
983 2157 1023 2242 Ἠ
1044 2158 1152 2250 ‘tran
1175 2173 1239 2244 Co·

230 2296 323 2368 lonia
341 2296 540 2370 Phoenicum
552 2297 793 2395 antiquissima
807 2320 884 2394 quae
900 2296 1095 2393 Carthagini
1113 2296 1238 2392 sapius

233 2420 373 2492 inimica
396 2425 630 2494 Romanorum
652 2420 809 2517 partibus
838 2418 971 2493 occulte
998 2417 1126 2492 studuit
1144 2441 1237 2515 quat-

229 2567 295 2640 que
313 2542 536 2616 avictoribus
557 2542 644 2616 bene
662 2543 781 2616 habita
799 2542 879 2615 fuit.
899 2541 1024 2616 Videre
1049 2540 1148 2615 decet
1168 2542 1236 2614 im·

230 2666 349 2763 primis
368 2666 488 2765 Polyb.
506 2664 569 2740 lib.
593 2690 648 2758 111,
670 2690 748 2765 cap.
769 2669 816 2739 24
832 2679 867 2740 et
881 2666 942 2740 lib.
959 2689 1074 2757 xxxvi,
1095 2689 1172 2762 cap.
1202 2669 1234 2755 1,

228 2792 375 2888 Appian.
396 2793 516 2876 anna,
536 2815 567 2864 c.
596 2793 674 2882 135,
693 2804 729 2864 et
742 2793 868 2881 Caesar,
889 2791 975 2863 Bell.
997 2791 1091 2862 civil.
1111 2789 1173 2863 lib.
1192 2813 1232 2881 ιι,

229 2938 307 3013 cap.
329 2915 390 2987 36.
410 2916 447 2987 ln
464 2916 616 2988 nummis
634 2916 857 3012 municipium
876 2913 1013 2987 dicitur.

604 3082 623 3129 Δ
647 3081 849 3131 victorialis.

276 3240 530 3311 Victorianeaois
546 3240 637 3310 inter
650 3238 831 3335 episcopos
848 3236 1034 3334 provincia
1047 3236 1234 3332 Byzacena

225 3360 428 3434 Rufinianus
456 3362 493 3433 in
511 3363 638 3435 Notitic
664 3373 875 3434 recensetur.
907 3362 1016 3448 Quem
1044 3380 1088 3431 ea
1117 3357 1234 3432 Africa

224 3484 412 3583 profugum
436 3497 472 3556 et
495 3486 532 3557 in
550 3486 709 3583 pmxima
731 3484 849 3557 Sicilia
868 3482 981 3557 insula
1000 3484 1108 3557 vitam
1132 3503 1233 3554 asce-

225 3611 330 3682 ticam
367 3608 539 3681 viventem
564 3609 680 3681 invisit
718 3607 944 3707 Fulgentius,
984 3604 1232 3679 monachorum

125 3750 132 3763 ·
223 3735 463 3832 AEgyptiorum
476 3744 608 3806 veteres
625 3731 776 3807 latebras
796 3731 1005 3829 excogitans,
1026 3729 1116 3802 hunc
1135 3727 1230 3802 Rufi-

222 3859 364 3930 nianum
376 3857 575 3929 Ruinartius
585 3854 772 3929 arbitratus
789 3867 842 3929 est
858 3856 978 3948 (H.·V.
997 3855 1053 3940 1³,
1070 3876 1106 3951 p.
1127 3853 1240 3950 333)..

221 3981 336 4054 Altera
350 3981 416 4054 luit
430 3982 574 4053 Victoria
589 3980 709 4053 civitas
723 4003 746 4052 a
758 3979 943 4052 Ptolemaeo
961 3976 1023 4051 lib:
1041 4000 1087 4070 rr,
1107 4000 1184 4074 cap.
1206 3977 1228 4049 2

220 4108 309 4179 inter
323 4086 544 4179 Mauretania
557 4105 774 4178 cesariensis
787 4102 893 4177 urbes
905 4101 1044 4195 habita3
1062 4110 1230 4199 praterea
