3300 5272
531 449 874 503 xmorxrmuzmoa·
1146 441 1212 511 193

215 577 265 646 οὖν
288 578 360 672 ἀρτι
380 573 629 671 μεταόέόλησαι,
649 579 701 647 καὶ
719 577 751 645 τί
774 581 810 644 τὸ
832 586 885 656 τὴς
905 567 1078 670 μετάόολὴς
1101 580 1217 663 αίτιονς

216 706 266 771 ἵνα
285 704 318 772 τί
344 696 380 771 δὲ
404 704 456 770 καὶ
480 706 532 771 τὸν
560 706 787 795 ἐσταυρωμένον
811 705 967 794 κηρύττων
993 704 1114 790 ἀπατᾷν
1140 708 1219 776 εἵλου

219 829 290 906 τοὺς
316 814 516 914 ἀνθρώπουςΙ
542 818 728 921 διδάγμασιν
754 826 947 908 ἀλλοκότοιςς
970 815 1033 894 Βπὶ
1061 829 1220 909 τοότοιςό

215 953 300 1045 ἀγιος
318 951 446 1045 ἡσυχίαν
472 939 582 1046 ἔχων2
602 952 709 1018 ἑαυτὸν
731 947 921 1041 ἀνελάμόανέ
945 937 1003 1015 τεὅ
1025 951 1077 1016 καὶ
1097 952 1221 1048 ἀνεθάρ-

218 1083 309 1168 ρυνεν·
334 1071 402 1142 εἶτα
417 1079 559 1169 προσχὼν
578 1076 659 1168 μετὰ
676 1080 793 1143 πολλοῦ
808 1083 863 1140 τοῦ
882 1073 999 1166 κόσμου
1013 1063 1026 1101 ¹¹
1045 1075 1095 1141 καὶ
1112 1089 1222 1170 σεμνοῦ

215 1205 469 1293 παραστήματος,
482 1205 557 1294 πρὸς
575 1201 629 1266 τὸν
646 1199 769 1289 κόμητα
787 1199 853 1288 ἔφη·
871 1181 942 1291 Βγὼ
960 1188 1103 1284 πολλὴν5,
1117 1206 1156 1279 ὡς
1171 1203 1222 1268 καὶ

218 1323 310 1401 αὐτός
334 1349 386 1416 μοι
405 1330 578 1417 μαρτυρεῖς,
592 1325 648 1396 τὴν
665 1320 731 1412 περὶ
747 1319 787 1387 τά
808 1310 963 1394 Βλληνικά
980 1313 1115 1397 σπουδὴν
1131 1325 1221 1416 έχων,

217 1446 269 1514 καὶ
283 1447 351 1540 περὶ
365 1449 476 1538 λόγους
502 1445 553 1512 καὶ
571 1449 626 1519 τὴν
650 1452 710 1511 τῶν
739 1450 875 1536 μαγικῶν
904 1433 1045 1526 βίέλωνό
1069 1435 1222 1532 μελέτηνῖ

132 1613 137 1623 ·
217 1556 417 1663 θερμότατα8
440 1559 638 1660 διακείμενος,
658 1559 747 1634 οὐδὲν
763 1569 841 1661 μέγα
857 1565 876 1639 ἡ
894 1567 969 1658 πρὸς
992 1565 1093 1658 ψυχὴν
1114 1561 1224 1664 ρέρου9

120 1689 121 1692 “
217 1696 252 1761 τὸ
269 1685 375 1788 κέρδος
393 1693 501 1760 ε’κεῶεν
520 1693 725 1783 ἐπορισάμην·
740 1696 821 1758 οὕτω
838 1682 872 1757 δέ
893 1715 944 1781 μοι
963 1682 1153 1784 διακειμένῳ,
1172 1700 1223 1764 καὶ

217 1826 283 1897 τοῖς
303 1816 444 1909 ματαίοις
469 1817 715 1908 ἐνασχολουμένῳ
738 1816 839 1892 πόνοις
862 1811 1011 1904 οἰκτείρας
1037 1820 1054 1880 ό
1083 1818 1159 1895 Θεός
1185 1843 1222 1908 με

218 1948 278 2007 τῶν
298 1949 390 2008 κενῶν
411 1931 561 2033 ἱδρώτων,
577 1939 629 2005 καὶ
655 1948 710 2006 τοῦ
739 1939 814 2029 πρὸς
839 1940 911 2014 τοὺς
933 1937 1077 2016 ἀνοήτους
1091 1926 1117 1967 ¹⁰
1140 1939 1223 2019 θεοὺς

217 2049 410 2155 σεόάσματος
424 2057 536 2158 ὁδηγὸν
552 2064 673 2137 ἀπλανῆ
686 2061 738 2129 καὶ
756 2060 870 2154 ἀγαθὴν
885 2047 910 2090 ¹¹
928 2062 1063 2153 ἡγεμόνα
1075 2072 1130 2141 τῆς
1148 2067 1223 2157 πρὸς

216 2190 307 2256 αὐτὸν
329 2192 474 2282 φεροόσης
497 2180 570 2255 ὸδοῢ
585 2189 641 2262 τὴν
662 2185 805 2278 παρθένον
825 2187 940 2258 ταύτην
956 2189 1115 2276 ἐκπέμπει,
1129 2189 1180 2254 καὶ
1199 2187 1224 2254 εἰ

215 2323 370 2405 προσεχῶς
386 2313 512 2380 οἰκοῦσαι
530 2310 696 2397 θελήσειας,
717 2313 769 2378 τὸν
788 2311 913 2402 τρόπον,
933 2301 1014 2392 οἶδα,
1033 2320 1089 2389 τὴς
1108 2312 1221 2379 οἰκονο-

216 2434 286 2525 μίας
306 2435 384 2502 πάνυ
402 2437 582 2526 θαυμάσεις·
598 2436 660 2526 ἔχει
677 2424 713 2500 δὲ
731 2436 844 2512 οὕτως·

223 2657 225 2661 Α
268 2546 427 2653 Ᾰγλαΐδας
443 2583 489 2637 τις
502 2565 562 2623 τῶν
576 2559 611 2624 ἐκ
625 2548 782 2663 Κλαυδίου
794 2555 913 2630 ἡττήθη
928 2564 982 2633 τῆς
992 2556 1138 2647 παρθένου
1151 2562 1224 2626 τοιό-

216 2704 271 2758 της
290 2680 379 2771 ἔρωτι
398 2687 526 2772 μανικῷ,
543 2680 594 2746 καὶ
608 2683 623 2746 ό
637 2681 690 2771 μὲν
707 2680 739 2756 ές
755 2677 853 2770 γάμον
872 2669 1016 2755 ἐζήτει“·ἡ
1034 2670 1069 2744 δὲ
1081 2673 1220 2760 ἀπηξίου,

109 2822 111 2827 ’
215 2804 272 2876 τὸν
283 2790 310 2833 ¹²
330 2795 456 2899 σύζυγον
467 2806 637 2897 στέργουσα
651 2800 824 2895 παρθενίαν.
846 2788 876 2868 O
895 2801 948 2892 μὲν
968 2803 1102 2894 ἐπέμενε,
1129 2815 1222 2873 τοῦτο

215 2926 269 3016 μὲν
288 2927 439 3012 ἱκετεόων,
457 2937 549 2996 τοῦτο
569 2918 604 2993 δὲ
619 2926 669 2994 καὶ
690 2924 757 3008 βίαν
776 2923 912 3017 έπάγων·
930 2930 948 2999 ἡ
965 2917 1011 3007 δὲ,
1024 2939 1081 3004 τῆς
1098 2933 1222 3020 πρώτης

214 3052 271 3118 οὐκ
283 3052 399 3127 ἀπέστη
422 3053 603 3138 βουλήσεως.
624 3034 669 3129 Ως
693 3040 728 3116 δέ
750 3051 828 3140 ε’ώρα
848 3052 964 3123 ταότην
988 3049 1115 3128 ἀκλινιῖις
1137 3053 1223 3143 έχου-

215 3198 282 3256 σαν,
302 3174 439 3266 καὶπρὸς
458 3175 567 3244 ἐκείνου
581 3179 683 3242 πᾶσαν
698 3172 830 3241 ἐπίνοιαν
851 3173 1127 3264 ἀντιπράττουσαν,
1148 3179 1222 3248 ἡσυ-

214 3295 283 3384 χίαν
299 3291 381 3389 ἀγειν
400 3291 540 3389 οὐδαμῶς
555 3297 689 3389 ἴσχυσεν,
711 3297 778 3362 αλλ’
796 3296 887 3362 έλθὼν
912 3301 951 3373 ὡς
974 3299 1026 3382 ἐμὲ
1049 3284 1209 3389 Ᾰγλαίδάς

214 3411 310 3495 ἐξεῖπε
334 3419 387 3509 μὲν
410 3421 448 3484 τὸ
474 3419 662 3511 ἀπόρρητον·
690 3412 786 3494 ἐξεῖπε
810 3409 845 3483 δὲ
870 3422 924 3492 τὴν
944 3420 977 3484 ἐκ
1001 3428 1055 3496 τῆς
1073 3417 1221 3510 παρθένου

250 3721 272 3767 1.
290 3715 346 3771 Τοῖς
357 3715 501 3782 ἀνθρώποις,
512 3718 540 3769 Β.
756 3721 780 3767 7.
798 3717 882 3779 Deest,
891 3716 920 3767 Β.

248 3807 272 3849 2.
287 3800 378 3861 Ἄγειν,
387 3799 452 3851 B.C·
462 3800 488 3851 E.
501 3801 527 3852 F.
758 3806 782 3851 8.
800 3799 957 3866 θερμότητα,
970 3801 998 3851 B.

248 3887 272 3934 3.
292 3884 501 3946 Ἆνσιλαμόάνεται,
511 3885 540 3936 Β.
716 3874 719 3882 ’
757 3891 781 3936 9.
801 3884 899 3949 Φέρων,
917 3885 946 3935 Β.

247 3974 272 4018 4.
291 3966 374 4024 Deest,
385 3968 413 4019 Β.
423 3968 452 4020 C.
464 3970 490 4021 F.
759 3975 796 4020 10.
816 3970 964 4028 Ἆνονὴτους,
979 3968 1008 4020 C.

247 4056 272 4101 ό.
290 4050 377 4112 Deest,
394 4052 423 4105 E.
758 4059 796 4104 Η.
816 4053 921 4116 Ἀγαθὸν,
935 4054 963 4105 Β.

247 4142 270 4183 ο.
289 4134 401 4196 Βιόλίων,
419 4136 444 4187 Β.
760 4143 798 4188 12.
818 4139 875 4196 Τὸν,
888 4139 916 4189 Β.
929 4134 955 4189 ¹2.
965 4138 993 4191 F.

1064 4224 1100 4282 13
