3300 5272
342 567 407 639 154
644 585 792 636 craeseus
818 584 858 634 m
881 583 1042 637 necamus

335 714 452 791 dictis.
480 711 654 788 Procellas
678 713 797 812 igitur,
826 711 1008 809 naufragia
1025 708 1158 785 crebris
1180 711 1348 784 sermoni·

336 838 402 913 bus
417 849 625 935 usurpat,et
638 836 731 936 quod
745 859 956 935 magnopere
968 845 1121 935 exoplat,
1139 831 1230 933 quod
1249 856 1350 907 exce·

335 965 422 1061 gitat
441 960 705 1060 jncundissime,
722 959 759 1037 id
775 984 858 1033 seue
880 972 933 1034 cst
951 972 1088 1056 portum
1107 980 1243 1056 capere.
1262 962 1348 1032 Cum

334 1088 425 1160 enim
439 1084 490 1160 illi
504 1085 656 1160 muudus
673 1086 812 1183 perenni
827 1097 1032 1181 tempestate
1041 1087 1166 1182 jactari
1178 1081 1348 1174 videatur,

334 1224 414 1284 ente
432 1211 549 1284 omnia
574 1212 670 1306 cupit
693 1208 886 1286 ulterram
906 1209 1089 1306 appellere.
1116 1212 1199 1306 «Si,
1220 1212 1345 1310 inquit,

329 1336 517 1432 navigante
539 1348 587 1425 te,
606 1333 746 1409 turbida
770 1347 805 1408 et
829 1334 1018 1433 procellosa
1039 1346 1240 1431 tempestas,
1261 1332 1348 1407 lluc·

216 1492 219 1497 ·
332 1457 424 1530 tibus
453 1458 637 1532 uiolentius
668 1460 846 1549 excitatis,
881 1460 1129 1556 praenuntiaret
1150 1458 1344 1556 naufragia,

331 1602 444 1654 nenne
459 1594 599 1679 portum
615 1582 779 1656 velociter
793 1595 929 1680 peteres
941 1585 978 1654 ¹?
997 1613 1010 1643 ·
1033 1584 1086 1655 Ex
1103 1605 1144 1654 eo
1165 1581 1259 1679 quod
1273 1580 1346 1653 ani·

331 1730 427 1780 mum
448 1707 621 1803 conspicit
639 1709 673 1779 vi
693 1730 809 1780 rerum
833 1707 1013 1803 agitatum,
1030 1705 1108 1778 ideo
1128 1706 1284 1805 praecipit
1307 1715 1346 1778 ut

334 1830 550 1928 «vigilanter
573 1830 736 1904 liberetur
764 1829 807 1903 de
832 1830 1034 1927 periculosis
1060 1833 1171 1920 navis,
1191 1854 1233 1903 ne
1256 1830 1345 1903 inter

330 1953 491 2050 scopulos
514 1966 548 2027 et
566 1978 650 2027 saxa
674 1953 866 2052 frangatur.
888 1985 902 2018 υ
924 1956 1014 2043 Quia
1029 1979 1150 2028 omncs
1165 1979 1265 2053 aeque
1282 1954 1345 2027 ho·

328 2080 439 2153 mines
458 2091 531 2151 tum
547 2081 699 2177 optimos
719 2092 793 2152 tum
810 2080 978 2176 pessimos
997 2080 1172 2162 erumnis,
1195 2078 1344 2152 miseriis

236 2218 239 2225 ’
328 2225 468 2301 presses
481 2202 642 2300 adspicit,
658 2201 831 2276 exclamat
845 2202 923 2284 ille:
944 2233 958 2266 e
974 2204 1061 2274 Cum
1080 2223 1203 2274 navem
1217 2224 1343 2298 scopu·

327 2327 402 2400 lusa
413 2348 499 2401 saxa
512 2330 764 2427 constringunt,
777 2326 1020 2424 navigantibus
1032 2327 1252 2424 naufragium
1267 2324 1341 2396 siue

326 2452 528 2548 exceptione
558 2474 741 2526 commune
767 2462 897 2524 θεῖ’.»
935 2449 1137 2523 lucrerlihile
1163 2450 1256 2523 enim
1289 2459 1343 2523 est

326 2574 419 2649 dictu
439 2589 605 2674 quantum
624 2576 754 2649 insanis
774 2573 938 2648 fluctibus
951 2573 1129 2670 pulsatum
1143 2571 1253 2664 littus,
1274 2571 1341 2640 θῖνα

325 2703 562 2801 πολυφλοίσὸοιο
579 2707 753 2794 tutelense,
778 2703 940 2802 Cypriani
961 2703 1097 2775 animus
1114 2709 1223 2772 amet.
1244 2697 1339 2771 Prio-

324 2825 421 2900 ribus
442 2826 582 2924 quidem
603 2829 716 2924 poetis
733 2827 793 2924 qui
813 2841 946 2901 nature
966 2823 1163 2923 spectaculo
1182 2843 1339 2895 summe·

323 2974 407 3047 pere
426 2949 701 3043 delectabantur,
720 2952 913 3048 sepissime
939 2950 1207 3024 inhorrescentia
1226 2947 1340 3045 pelagi

323 3085 466 3170 apparet
498 3073 699 3147 tristissima
723 3075 852 3171 imago.
879 3073 947 3146 lllis
979 3087 1096 3146 tamen
1123 3071 1237 3170 placet
1264 3077 1338 3168 ejus

323 3196 411 3269 mira
424 3197 540 3293 quies,
561 3194 629 3269 illis

497 3387 629 3448 arrident
640 3385 717 3446 taciti
729 3386 875 3462 tranquilla
885 3386 993 3445 silentia
1008 3385 1109 3483 sturni.⁸

320 3565 384 3639 llic
416 3587 501 3638 uero
536 3565 702 3662 gravibus
733 3586 777 3641 ac
815 3567 993 3665 perpetuis
1035 3567 1129 3641 curis
1165 3567 1335 3665 agitatus,

317 3694 477 3787 penitam
488 3695 651 3785 repentem
659 3693 776 3787 pelapi
792 3686 931 3789 semper
943 3690 1055 3765 audit.
1070 3689 1195 3764 lisdem
1208 3689 1334 3765 ebrius
1354 3746 1358 3755 .

317 3816 405 3907 oris,
426 3813 567 3888 easdem
586 3815 704 3887 animo
728 3814 953 3913 cogitationes
972 3814 1186 3912 Augustinus
1208 3813 1329 3910 agitat,

317 3928 438 4008 eedem
469 3953 614 4006 moerore
644 3930 867 4032 profligatum
893 3932 923 4004 si
953 3952 1051 4004 mare
1078 3930 1237 4027 aspiciat,
1258 3942 1332 4001 tum

352 4145 375 4188 r.
393 4139 434 4189 aa
444 4114 712 4199 marmenem.

350 4228 374 4272 ².
394 4225 433 4272 De
443 4222 621 4282 autumas,
632 4221 699 4274 Vlll.
