3300 5272
486 458 766 513 enarmonicum
790 460 948 511 srsronn.
1136 441 1201 514 113

192 596 201 610 ‘
223 585 289 660 bns
304 610 401 663 more
416 611 497 664 rere
509 589 664 664 africano
682 593 831 665 Romam
842 588 1104 690 perturbabant,
1120 591 1222 689 nagli·

221 707 350 806 gendes
366 734 441 786 esse
455 724 669 806 monstrans,
697 714 827 812 ingenii
852 716 905 788 sui
923 713 1047 789 robore
1069 738 1223 813 compro
1306 797 1309 801 ,

223 834 317 928 bato,
329 836 383 909 his
396 835 443 911 ad
455 837 599 912 nimium
614 838 751 913 facilem
764 840 965 936 episcopum
974 840 1217 915 confirmabat:

229 990 243 1024 α
263 961 354 1034 Satis
369 963 512 1036 miratus
530 985 609 1037 sum
629 986 709 1037 cum
730 961 1051 1037 animadvertissem
1071 975 1106 1037 te
1122 965 1225 1038 minis

225 1105 266 1156 ac
286 1083 473 1159 terroribus
491 1110 611 1161 eorum
633 1087 693 1184 qui
710 1097 894 1178 reserant,
912 1088 1125 1186 aliquantum
1150 1111 1226 1162 esse

225 1220 450 1282 commotum.
477 1207 575 1298 Quod
601 1211 631 1282 si
656 1210 707 1282 ita
728 1232 784 1283 res
810 1219 919 1284 estut
937 1212 1227 1308 nequissimorum

225 1332 389 1406 timeatur
411 1330 565 1422 audacia,
583 1344 619 1405 et
639 1331 732 1430 quod
760 1334 842 1406 mali
853 1340 932 1431 jure
950 1344 1052 1431 atque
1069 1335 1227 1433 aequitate

225 1477 294 1529 non
315 1465 478 1552 possunt,
503 1455 695 1528 temeritate
710 1478 752 1528 ao
774 1452 1010 1553 desperatione
1029 1457 1226 1557 perficiant,

226 1589 344 1684 actum
368 1556 422 1652 est
439 1578 482 1652 de
500 1578 719 1678 episcopatos
735 1578 854 1677 vigore
871 1589 906 1652 et
928 1578 969 1654 de
991 1581 1152 1655 Ecclesia
1166 1606 1229 1680 gn·

225 1698 409 1774 bernandae
422 1701 562 1776 sublimi
579 1725 619 1776 ac
632 1701 748 1775 divina
760 1712 947 1800 potestate3
967 1727 1031 1778 nec
1047 1704 1231 1779 Christiani

226 1823 317 1897 ultre
336 1835 397 1898 aut
415 1813 547 1900 durare
556 1837 616 1899 aut
640 1849 716 1900 esse
728 1832 803 1925 jam
822 1850 1020 1924 possumus,
1041 1828 1070 1900 si
1094 1825 1139 1901 ad
1164 1829 1230 1903 boc

226 1958 367 2023 rentum
393 1960 466 2039 est,
494 1959 534 2023 nt
556 1948 770 2047 perditorum
791 1951 904 2024 minas
932 1960 1035 2049 atque
1063 1950 1227 2046 insidias,

226 2074 521 2170 pertimescamus.
546 2076 636 2150 Nam
657 2085 693 2148 et
718 2074 861 2173 gentiles
878 2087 914 2148 et
929 2075 1035 2149 Judaei
1057 2077 1232 2151 minantur

228 2208 263 2270 et
283 2197 445 2292 baeretici,
467 2209 570 2298 atque
587 2222 707 2310 omnes
723 2221 870 2295 quorum
886 2210 1033 2295 pectora
1047 2211 1083 2273 et
1099 2212 1231 2274 mentes

227 2319 384 2396 diabolus
402 2321 552 2411 obsedit,
568 2332 773 2396 venenatam
798 2321 929 2395 rabiem
954 2345 1053 2395 suam
1080 2322 1231 2421 quotidie

228 2445 360 2519 furiosa
384 2469 469 2520 uoce
493 2455 672 2520 testantur.
700 2447 777 2548 Non
806 2456 922 2519 tamen
949 2440 1079 2519 idcirco
1105 2445 1228 2520 ceden-

229 2570 313 2643 dnm
327 2582 380 2643 est
392 2569 679 2668 quiaminantur3
699 2592 837 2642 manere
852 2567 943 2667 apud
956 2593 1019 2643 nos
1033 2568 1134 2644 debet
1146 2569 1228 2645 fidei
1280 2605 1287 2629 ι

228 2691 334 2766 robur
350 2691 544 2785 immobile;
571 2704 605 2765 et
625 2690 760 2765 stabilis
779 2702 883 2790 atque
902 2692 1109 2766 inconcussa
1121 2694 1231 2768 virtus
1277 2794 1280 2800 ¹

230 2831 350 2892 cenna
375 2840 495 2891 omnes
519 2818 677 2892 incursus
700 2828 803 2915 atque
821 2819 971 2914 impetus
988 2816 1230 2894 oblatrantium

228 2942 406 3017 fluctuum.
417 2972 436 3010 >2
449 2941 581 3032 Quibus
589 2941 695 3038 igitur
709 2941 943 3035 confirmatus,
958 2942 1034 3015 iniit
1046 2941 1229 3017 concilium

228 3068 266 3139 in
283 3089 350 3164 quo
365 3068 501 3143 Novato
519 3065 718 3162 eamusque
737 3062 920 3158 damnatis,
931 3077 1012 3163 post
1023 3089 1160 3163 poenam
1174 3090 1230 3139 so-

229 3189 408 3263 lummodo
431 3189 538 3289 lapsis
565 3212 687 3288 pacem
713 3186 929 3283 tribuendam
960 3212 1034 3262 esse
1062 3199 1230 3263 statutum

230 3313 309 3387 fuit.
329 3316 483 3391 Noratus
499 3337 541 3387 eo
561 3324 644 3386 tunc
658 3313 753 3385 venit
767 3310 918 3385 audaciae
939 3314 1032 3384 utin
1053 3334 1231 3386 romanam

231 3435 350 3511 sedem
371 3460 394 3510 a
411 3437 482 3510 suis
503 3434 601 3511 erebi
614 3434 771 3508 voluerit.
791 3433 882 3508 Illius
904 3435 995 3508 enim
1016 3435 1163 3510 fortunae
1181 3436 1232 3510 ita
1273 3502 1280 3526 ,

231 3572 340 3635 anctae
367 3572 472 3659 atque
500 3567 714 3661 exaggerata
736 3568 846 3650 erant,
867 3568 906 3630 ut
923 3559 1050 3633 multos
1071 3570 1228 3652 terreret,

230 3683 358 3759 multos
374 3707 396 3757 a
412 3692 507 3757 recta
518 3680 704 3756 deduceret
716 3680 784 3753 via.
799 3679 1040 3779 Carthaginem
1056 3692 1091 3756 et
1101 3681 1231 3780 legatos

231 3808 327 3882 misit
358 3809 418 3907 qui
444 3817 479 3883 et
504 3807 708 3906 episcopum
733 3816 770 3879 et
802 3804 967 3904 populum
993 3805 1167 3880 traherent
1196 3806 1232 3880 in

231 3942 346 4029 partes
361 3956 464 4024 snas3
479 3930 541 4006 sed
557 3953 638 4004 cum
659 3929 900 4028 ignominiane
913 3927 1077 4003 dedecore
1089 3930 1231 4028 repulsi,

234 4067 268 4129 et
280 4057 317 4130 in
336 4056 453 4130 Africa
472 4068 507 4129 et
527 4057 562 4128 in
584 4053 705 4129 alienis
724 4052 921 4152 regionibus
946 4050 1133 4126 factionem
1152 4076 1235 4150 per-

1078 4176 1097 4236 8
