3300 5272
325 467 370 539 92
637 488 782 539 errarem
807 448 1026 552 eccunsmoos

325 616 432 714 tiplici
455 628 559 715 atque
579 621 725 691 erratico
749 619 848 714 lapsu
872 629 1065 719 serpentem
1087 621 1136 692 ait
1152 631 1187 692 et
1207 630 1332 692 natura

325 738 493 815 caducam
515 751 588 814 arte
605 739 705 841 dirigi
724 742 972 842 agricolamm3
996 746 1046 816 ita
1064 743 1255 841 prasertim
1273 764 1333 814 na·

324 874 409 939 turm
440 862 711 938 consideratione
750 880 854 965 atque
895 866 1198 966 contemplatione,
1234 867 1332 962 quasi

325 991 450 1063 mentis
477 989 625 1088 pabulo,
654 990 887 1065 recreabatur.
922 991 1058 1066 Thascii
1080 992 1185 1090 igitur
1204 1013 1246 1062 eo
1266 989 1333 1063 fuit

324 1135 459 1211 semper
484 1115 706 1212 antiquorum
738 1113 850 1189 simile
881 1117 1057 1216 ingenium
1083 1127 1123 1189 ut
1154 1115 1260 1187 maris
1289 1136 1331 1186 ac

323 1250 423 1311 terrae
435 1238 644 1336 imaginibus
659 1262 878 1336 summopere
893 1238 1133 1313 delectaretur.
1149 1238 1332 1337 Augustini

323 1385 405 1434 uero
420 1385 532 1454 more,
550 1386 629 1435 cum
649 1362 792 1462 hujusce
808 1362 901 1437 orbis
919 1388 975 1438 res
994 1365 1224 1462 conspiceret,
1250 1386 1332 1435 cum

324 1485 450 1559 coelum
462 1484 593 1559 solibus
604 1486 752 1561 assiduis
761 1498 951 1585 perustum,
965 1512 1044 1562 cum
1058 1511 1196 1561 amoena
1207 1488 1329 1579 vireta,

325 1633 404 1682 cum
437 1611 566 1683 Oceani
600 1611 787 1684 immensos
825 1623 953 1685 tractus
986 1612 1194 1703 intueretur,
1229 1609 1331 1684 altius

323 1744 438 1806 mente
459 1732 593 1807 defixus
614 1746 689 1806 erat
709 1747 812 1833 atque
829 1733 987 1808 alebatur
1000 1733 1137 1808 divinis.
1231 1762 1233 1766 ¹

368 1858 506 1930 Littera
523 1856 590 1930 illae
610 1857 654 1931 ad
676 1861 851 1932 Donatum
875 1868 909 1931 et
931 1858 1037 1932 animi
1061 1855 1212 1957 quadam
1236 1856 1330 1930 eiiu-

323 1981 438 2075 sione,
460 1993 494 2053 et
515 1981 659 2081 juvenili
679 1983 780 2081 quasi
800 1981 963 2075 dictione,
986 1994 1022 2056 et
1044 1983 1160 2055 animo
1180 2004 1201 2053 a
1221 1980 1330 2055 musis

319 2128 390 2178 non
410 2128 531 2179 averso
550 2103 746 2205 paulopost
767 2107 978 2205 Cypriorum
994 2116 1169 2179 mutatum
1192 2106 1330 2202 scriptae

317 2228 428 2304 luisse
445 2229 615 2305 videntur.
644 2234 683 2303 ln
703 2231 784 2323 illis,
812 2231 1032 2304 conversione
1054 2240 1212 2323 narrata,
1241 2229 1330 2303 ami·

320 2377 401 2427 cum
431 2353 473 2426 ad
504 2353 648 2452 hujusce
680 2366 780 2428 terrae
804 2377 921 2428 rerum
948 2365 1185 2451 contemptum
1220 2351 1331 2426 etad

320 2476 496 2551 assiduam
519 2481 710 2553 orationem
735 2478 948 2553 adhortatur.
970 2483 1150 2570 Attamen,
1168 2479 1330 2575 Augusti·
1415 2508 1418 2515 ·

320 2624 399 2691 nus,
416 2604 476 2698 qui
491 2602 552 2675 has
569 2602 699 2677 litteras
716 2602 836 2688 refert,
853 2604 1063 2702 cyprianum
1078 2603 1227 2702 graviter
1242 2602 1331 2673 vitu·

319 2734 418 2823 perat
435 2749 476 2798 eo
495 2726 602 2823 quod,
618 2728 743 2824 inquit,
764 2708 957 2801 doctrinam
978 2751 1123 2825 spumeo
1145 2725 1329 2799 verborum

321 2848 454 2922 ambitu
468 2851 675 2922 ornaverit¹.
689 2855 774 2924 Cum
783 2875 864 2924 vero
875 2854 1120 2924 sententiarum
1130 2850 1343 2947 praestantia‘

321 2997 342 3045 a
358 2973 529 3047 dictorum
541 2984 613 3045 arte
630 2998 698 3045 non
713 2975 909 3066 abhorreat,
926 2977 956 3047 si
968 2997 1114 3047 censura
1123 2974 1184 3046 illa
1199 2997 1268 3045 non
1280 2997 1331 3045 se-

321 3100 433 3171 verior
446 3121 486 3171 ac
501 3096 619 3170 durior
631 3097 829 3189 haberetur,
842 3099 993 3172 melioris
1004 3097 1326 3171 notaeecclesiastici

322 3224 504 3319 scriptores
536 3220 793 3319 reprehensioni
828 3223 995 3296 obnoxios
1021 3244 1096 3295 sese
1125 3221 1328 3318 praeberent.

322 3350 367 3423 At
381 3348 591 3446 jansenistas
614 3347 771 3445 prolecto
797 3371 1015 3445 summopere
1035 3344 1228 3419 delectabat
1248 3343 1330 3417 doc·

322 3473 407 3545 toris
418 3472 471 3546 sui
487 3470 570 3552 illud
577 3470 758 3570 judicium,
769 3473 897 3569 quippe
911 3472 970 3568 qui
979 3480 1109 3544 naturae
1121 3470 1330 3566 corruptioni

321 3597 481 3693 pessimae
501 3593 636 3669 dicendi
661 3595 891 3668 urbanitatem
920 3604 955 3667 et
986 3593 1150 3666 orationis
1179 3604 1329 3666 tractum

322 3721 433 3805 lenem
447 3719 599 3795 tribuere
617 3718 785 3793 solebant.
801 3717 869 3793 Sed
886 3719 1014 3792 rectior
1030 3716 1167 3790 videtur
1183 3718 1330 3790 Lactan-

322 3846 361 3916 tii
397 3848 567 3920 sententia
595 3846 654 3942 qui
686 3843 815 3917 litteras
848 3842 959 3917 bonas
991 3841 1095 3916 rebus
1134 3840 1329 3915 christianis

359 4136 382 4181 t.
400 4132 478 4199 Aug..
490 4131 523 4182 de
536 4134 628 4183 Doctr.
644 4130 753 4193 chrm,
766 4128 807 4190 lv,
820 4132 860 4192 14,
869 4131 896 4179 et
909 4132 992 4179 serra
1005 4131 1064 4179 (tta.
