3300 5272
503 117 586 184 eo<
604 80 608 90 ’

511 168 830 333 ,moe

621 336 661 391 ν’
854 318 884 383 ll

648 466 745 475 ..-

1563 566 1577 607 1

700 700 1033 831 EDITORIS
1075 709 1557 826 PRAEMONITIO.

1017 977 1238 998 *—

619 1290 673 1356 De
694 1283 810 1356 Babrii
828 1284 971 1361 Fabulis
988 1287 1024 1356 in
1046 1287 1263 1360 monasterio
1280 1289 1417 1359 Montis
1433 1287 1527 1359 Atho
1541 1313 1646 1386 reper

570 1400 706 1472 multus
719 1415 775 1471 est
788 1399 836 1471 ab
849 1425 947 1472 anno
960 1415 995 1471 et
1007 1400 1166 1498 amplius
1185 1426 1305 1473 sermo
1320 1404 1413 1474 inter
1431 1409 1584 1501 Europae
1596 1406 1628 1474 ci

571 1515 746 1587 eruditos.

619 1633 707 1718 Quis
726 1631 805 1703 illas
829 1633 1024 1719 invenerit,
1051 1646 1085 1702 et
1102 1631 1185 1717 ubi,
1204 1632 1415 1704 brevissime
1441 1635 1647 1707 narrabitur

621 1745 848 1819 Eruditionis
879 1747 1037 1843 antiquae
1072 1746 1331 1844 promovendae
1365 1772 1488 1838 causa,
1519 1755 1644 1822 Summ

571 1861 805 1936 Educationis
842 1861 1001 1934 Publicae
1032 1861 1336 1951 Administrator,
1369 1863 1440 1935 Ab.
1480 1865 1648 1936 Vr'llemar'

570 1986 614 2051 V.
633 1981 784 2070 Excell,
800 1982 838 2051 in
853 1982 1028 2052 Graeciam
1042 1996 1125 2052 ante
1151 2005 1269 2051 annos
1290 1961 1449 2078 quatuor
1465 1985 1510 2052 K.
1533 1982 1646 2053 Μινωΐ.

559 2094 679 2174 ’Μηνᾶν
704 2097 817 2183 misit,
831 2095 976 2168 codices
992 2097 1260 2193 manuscriptos
1280 2097 1579 2191 investigaturum
1600 2121 1646 2166 an

570 2212 706 2308 quitate
733 2211 890 2306 insignes
907 2227 942 2282 et
961 2212 1184 2306 integritate,
1199 2210 1356 2284 ineditos
1372 2212 1570 2310 praesertim
1597 2236 1645 2306 qu

572 2352 706 2398 nomen
724 2330 883 2399 auctoris
902 2326 1195 2414 commendaret,
1217 2343 1279 2399 aut
1299 2344 1400 2417 aetas,
1423 2342 1483 2397 aut
1504 2351 1650 2422 argum.

572 2457 662 2513 tum.
680 2447 721 2513 In
741 2443 866 2539 primis
879 2457 931 2513 est
946 2450 1055 2524 Μηνᾶς
1075 2443 1137 2513 tali
1157 2467 1223 2539 par
1239 2444 1405 2538 negotio,
1418 2441 1532 2514 homo
1546 2457 1582 2512 et
1598 2446 1630 2512 G

571 2582 636 2628 cus
652 2571 688 2628 et
704 2556 847 2628 doctus.
866 2561 1028 2654 Namque
1040 2555 1108 2628 fuit
1131 2557 1218 2628 olim
1238 2558 1353 2629 Serris
1378 2559 1414 2628 in
1434 2555 1558 2628 schola
1576 2571 1650 2653 pat

571 2669 813 2768 philosophiae
833 2670 1015 2767 professor
1036 2696 1077 2743 ac
1101 2671 1306 2759 rhetoricae3
1323 2687 1357 2742 et
1381 2696 1424 2746 ex
1453 2695 1548 2768 quo,
1569 2670 1650 2740 reli

571 2784 799 2872 Macedonia,
823 2786 962 2857 Parisiis
981 2784 1138 2873 habitat,
1161 2786 1265 2858 libris
1284 2785 1444 2857 ostendit
1469 2810 1544 2857 non
1569 2810 1639 2886 pau

572 2914 750 2996 quantum
766 2901 802 2970 in
818 2899 932 2971 literis
950 2901 1075 2971 valeat.
1300 2995 1303 3001 Ι

619 3013 771 3086 Codices
788 3022 922 3102 Μηνᾶς,
945 3014 1034 3086 dum
1055 3015 1219 3088 literariae
1237 3016 1422 3112 legationis
1436 3014 1599 3087 officium
1615 3041 1650 3085 ot

573 3146 645 3219 ret,
665 3130 843 3228 plurimos
870 3131 1041 3228 inspexit,
1072 3133 1266 3227 excerpsit,
1298 3130 1507 3228 descripsit,
1532 3155 1626 3228 quor

571 3266 760 3313 recensum
773 3240 819 3312 ab
833 3243 912 3338 ipso
926 3244 1137 3315 institutum
1154 3243 1291 3338 legere(
1300 3245 1333 3338 r)
1347 3245 1503 3341 pretium
1521 3244 1587 3314 erit
1606 3269 1647 3314 o·

601 3576 635 3638 (t)
646 3576 774 3640 neperitur
785 3577 810 3625 iu
822 3577 958 3638 conspectu
968 3574 1159 3637 Bibliographico
1168 3574 1255 3624 uilleri
1264 3576 1290 3625 et
1297 3574 1430 3624 tubemtis
1439 3585 1481 3624 vr.
1491 3574 1533 3624 dd.
1543 3577 1562 3626 t.
1574 3581 1598 3635 5,
1611 3589 1635 3638 p.

570 3662 648 3705 Unam
657 3657 736 3706 obiter
746 3656 778 3707 de
787 3669 837 3705 uno
853 3655 939 3705 codiee
957 3654 1194 3705 animadversionem
1208 3655 1299 3705 addere
1319 3654 1387 3705 lubet
1399 3653 1488 3704 obiter.
1505 3655 1601 3703 Tertius
1633 3674 1650 3697 o

571 3735 786 3797 trisoedesigmtur
794 3735 876 3785 verbis
889 3751 895 3783 :
908 3754 920 3777 ν
930 3733 1052 3797 Quotquot
1059 3734 1176 3784 maximos
1190 3734 1292 3798 d’tsopc
1307 3733 1411 3784 ineditos
1419 3735 1445 3783 et
1454 3732 1646 3793 inconnnesJ'us

571 3834 583 3861 ι
596 3827 624 3864 oc
634 3815 699 3878 jour.
712 3815 844 3865 ttanuscrit
856 3828 897 3864 sur
910 3814 1052 3878 parchemin
1063 3813 1106 3877 qui
1120 3813 1176 3864 date
1187 3814 1220 3863 du
1232 3819 1263 3863 x⁸
1274 3813 1357 3874 siecle,
1367 3815 1392 3862 et
1403 3825 1430 3862 se
1445 3824 1558 3875 rompose
1566 3813 1598 3862 de
1611 3818 1641 3861 to

570 3907 632 3956 »ges
644 3893 714 3944 in·t⁰.
729 3900 773 3944 ces
785 3893 903 3944 maximos
911 3897 968 3943 sont
983 3905 1015 3944 en
1025 3893 1086 3956 petit
1095 3892 1210 3954 nombre,
1222 3892 1411 3956 quelques-unes
1424 3892 1468 3940 ont
1483 3892 1601 3941 conserve
1611 3892 1633 3939 ta

570 3995 583 4018 «ι
595 3987 651 4025 sure
659 3975 770 4039 tyrique5
792 3973 854 4024 dans
869 3974 903 4024 les
919 3976 1001 4023 autres
1015 3973 1038 4022 ia
1055 3985 1177 4023 mesurea
1188 3973 1227 4021 ote
1239 3984 1342 4034 rompne
1352 3984 1396 4034 par
1405 3970 1441 4020 les
1452 3970 1557 4032 copistcs
1567 3985 1573 4019 :
1585 3971 1648 4020 mais

571 4076 581 4097 ν
596 4059 654 4118 pent
665 4068 753 4105 encore
765 4068 781 4118 y
792 4054 959 4116 distingueris
971 4052 1085 4116 rhythmo
1102 4050 1225 4115 poetique.
1244 4057 1276 4102 tc
1285 4055 1364 4102 meme
1375 4063 1440 4099 man.
1451 4051 1562 4101 contient
1574 4052 1648 4114 quelq

570 4138 673 4184 neutros
684 4134 803 4184 maximos
811 4133 872 4183 dont
885 4133 1007 4196 plusieurs
1016 4130 1129 4193 incurtes,
1145 4130 1331 4193 d'iiippocrate‚
1343 4129 1529 4193 d’mrmtppus,
1538 4129 1649 4193 d’Evagr'

568 4233 581 4258 ν
595 4212 626 4264 de
635 4214 780 4276 Democrito,
790 4215 821 4265 de
830 4217 929 4273 sextus,
940 4213 1072 4262 d’lsocratc
1083 4215 1109 4262 et
1119 4211 1163 4261 des
1172 4211 1245 4260 Peres
1255 4211 1287 4259 de
1297 4209 1390 4272 t'ttgttse
1400 4228 1422 4259 ι.
1434 4213 1462 4258 ln
1473 4208 1514 4258 illo
1524 4207 1633 4271 codiceq

568 4304 665 4342 meeum
675 4293 866 4343 communicavit
878 4291 1052 4341 humanissime
1062 4291 1099 4340 vir
1108 4291 1145 4351 d,
1155 4289 1215 4338 nihil
1224 4292 1261 4338 est
1270 4288 1349 4351 lyrici,
1359 4287 1425 4351 quod
1436 4299 1523 4336 moneo
1533 4299 1564 4336 ne
1573 4286 1649 4349 fragm

567 4376 648 4420 torum
661 4372 817 4422 emditissimi
827 4372 971 4422 collectores
981 4371 1125 4421 thesaumm
1137 4369 1255 4433 reperisse
1264 4382 1291 4418 se
1302 4371 1398 4432 putent,
1409 4371 1483 4431 atque
1494 4366 1597 4428 disjecta
1608 4369 1634 4417 ΑΙ

565 4451 710 4514 sapphonis,
725 4451 804 4516 thysi,
816 4450 1069 4515 stoeictrorinembra
1082 4449 1118 4501 ibi
1129 4449 1206 4500 latere
1221 4451 1273 4499 arte
1292 4462 1335 4499 sus
1350 4445 1527 4498 concinnanda.
1546 4446 1628 4497 codex
1641 4448 1648 4496 i
