3300 5272
459 400 650 466 mmor
677 400 949 467 ΜΥΘΙΑΜΒΟΣ
977 406 1041 467 ΟΖ.

346 584 398 652 καὶ
417 582 524 677 μισθὸν
543 584 650 664 ἱππεὺς
676 585 774 652 οὐκέτ’
789 580 867 677 εἶχεν
883 586 918 651 ἵκ
932 574 1051 677 δήμου,

350 707 414 777 τότ’
436 711 544 788 ἐκεῖνος
559 710 654 789 ἵππος
670 709 819 788 πολλάκις
846 710 900 801 μὶν
915 703 948 787 ἵξ
967 711 1041 787 ύλης

350 833 480 925 κορμοὺς
499 839 607 924 παχεῖς
626 841 760 926 κατῆγεν
775 831 816 910 εἰς
829 832 917 899 πάλιν
937 829 1071 918 βαίνων,

351 955 448 1047 μισθῷ
471 980 505 1022 τι
525 955 637 1050 φόρτον
659 958 760 1049 ἔφερεν
783 952 889 1023 ἄλλοτ’
913 956 1051 1040 σλλσῖσν,

350 1079 389 1145 τὸ
402 1088 521 1171 πνεῦμα
535 1071 640 1165 σῴζων
657 1080 708 1149 ἐπ’
727 1079 866 1171 ἀχύροισι
884 1069 1062 1156 δυστήνοις·

349 1201 445 1296 σάγην
470 1228 505 1271 τε
527 1205 634 1283 νώτοις
657 1205 775 1297 ἵρερεν,
800 1203 898 1271 οὐκέθ’
917 1203 1070 1272 ἵππευσιν.

347 1310 393 1407 ἵλς
415 1320 444 1394 δ’
466 1326 504 1396 αὖ
521 1331 581 1420 πρὸ
602 1338 711 1421 τειχῶν
732 1329 864 1421 πύλεμσς
887 1325 980 1407 ἄλλος
998 1328 1145 1410 ἠκούσθη,

351 1445 485 1545 σάλπιγξ
504 1457 533 1519 τ’
557 1453 674 1520 ἐκέλευε
690 1455 781 1520 πᾶσιν
802 1442 922 1521 άσπῖδα
939 1455 1081 1544 σμήχειν,

347 1574 460 1653 ἵππους
480 1599 514 1642 τε
533 1582 656 1666 κοσμεῖν
677 1574 729 1641 καὶ
750 1566 875 1667 σῖδηρσν
895 1567 1030 1658 ὀξύνειν,

348 1698 484 1776 κάκεῖνος
501 1699 595 1764 αὐτὸν
609 1698 704 1764 ἵππον
725 1700 932 1791 ἐγχαλινώσας

347 1827 364 1888 ὁ
384 1813 541 1900 δεσπότης
559 1830 713 1914 παρῆγεν,
734 1827 774 1899 ὡς
790 1821 992 1913 ε’ριππεύσισν.

347 1927 377 2011 ἵ)
398 1935 426 2011 δ’
439 1943 574 2022 ὀκλάσας
588 1945 714 2012 ἔπιπτεν
735 1945 834 2011 οὐκέτ’
848 1942 972 2035 ἰσχύων.

349 2095 361 2119 ⁸
382 2048 516 2134 Ιῖντασσε
534 2061 633 2146 πεζοῖς
653 2066 762 2135 σαυτύν
779 2088 792 2114 ¹·
813 2063 910 2153 εἶπεν,
932 2099 946 2124 ι
961 2062 1120 2144 ύπλῖταις·

346 2222 360 2248 ι
377 2190 414 2257 σὺ
436 2191 494 2284 γάρ
514 2198 545 2282 μ’
565 2192 617 2284 ἄρ’
638 2193 740 2259 ἵππων
757 2190 797 2269 εἰς
824 2191 909 2268 ὅνους
925 2195 1138 2272 μεταστήσας,

347 2341 360 2366 ·
376 2324 441 2393 πῶς
463 2310 546 2393 αὖθις
565 2315 660 2383 ἵππον
677 2307 709 2392 ἐξ
731 2315 800 2381 ὅνσυ
820 2338 857 2406 με
879 2314 1015 2392 ποιήσεις
1032 2338 1067 2395 »ς

241 2545 407 2644 Μηδαμῶς
432 2563 487 2620 τοῦ
511 2554 662 2646 παρόντος
684 2543 747 2618 δεῖν
769 2550 973 2643 ἐπιμελεῖσθαι
996 2549 1086 2642 μύνσν
1109 2553 1125 2615 ὁ
1147 2544 1237 2641 μῦθος
1261 2536 1307 2612 δι-

189 2669 314 2762 δάσκει,
345 2673 425 2743 ἀλλὰ
452 2676 579 2743 καὶτοῦ
602 2677 766 2766 μελλσντος
793 2672 998 2766 προνοεῖσθαι·
1025 2674 1062 2739 τθ
1082 2668 1140 2766 γὰρ
1161 2673 1202 2761 μή
1227 2672 1307 2734 ούτω

187 2802 343 2897 γινόμενον
366 2804 492 2878 πολλοῖς
511 2797 660 2876 πολλάκις
679 2802 713 2865 οὐ
732 2799 789 2872 τὴν
805 2807 957 2889 τυχοῦσαν
976 2797 1073 2893 ἤγαγε
1095 2787 1225 2879 βλάύην.

642 3102 728 3151 ΑΡΧΗ
743 3103 804 3151 ΤΟΥ
822 3102 851 3149 Κ.

697 3311 788 3394 ·oz'.

504 3552 654 3614 ΚΟΡΑΞ
684 3555 761 3614 ΚΑΙ
789 3554 981 3616 nullus.

352 3859 458 3959 Κύραξ
474 3854 613 3957 δεδηχὼς
632 3866 767 3958 στόματι
789 3868 879 3958 τυρθν
900 3868 1048 3943 εἱστήκει·

224 4216 261 4269 Ιο.
286 4223 320 4280 Α,
342 4221 461 4269 ἱππεῦσιν.
489 4212 581 4280 scripsi
601 4217 722 4279 ῖπτιοσιν,
776 4214 1023 4279 ῖππενσινεῖσάγην,
1040 4215 1151 4282 ephippia
1163 4221 1189 4270 et
1206 4217 1306 4271 σΙῖιεΙΙεε

189 4295 257 4360 qnod
275 4294 383 4357 intelligo
400 4295 431 4345 σε
452 4295 582 4359 ephippio,
603 4294 723 4359 significa·
776 4295 850 4347 εεῖιιῖ.
860 4295 1015 4347 suidoeeuim
1028 4303 1065 4349 εει
1077 4300 1149 4364 afim,
1159 4301 1214 4350 ονον
1223 4300 1304 4359 ἐτίθη·

189 4376 257 4427 θοσο
276 4374 376 4439 quidem
399 4381 471 4426 σσνε.
499 4377 609 4439 opponit
636 4377 722 4427 unctor
777 4375 1304 4442 ρα.θο1ρσσεῖι1εῄῑειτιίσις,ασοσεο,σσσ
