3300 5272
497 458 647 519 tatuit
678 457 849 519 natust
878 457 1062 517 Lxxvttt.
1275 464 1328 518 ut

261 616 380 680 Dolosa
394 638 470 681 vero
486 638 615 681 caseum
630 629 785 704 appetens
799 614 914 702 vulpes
929 612 1099 678 volucrem
1115 614 1262 680 oratione
1279 614 1334 679 tali

218 756 365 846 decepit:
492 848 496 856 ³

263 928 275 949 n
289 896 407 977 Corve,
423 894 541 983 pulcrae
556 895 615 959 tibi
640 910 716 959 sunt
731 894 804 976 alae,
821 909 934 958 acutus
950 891 1087 975 ocellus,
1105 892 1250 957 miranda
1267 915 1335 957 cer·

218 1037 318 1116 «vix3
334 1036 448 1124 aquilae
461 1052 573 1125 pectus
588 1032 752 1116 ostendis;
769 1051 959 1100 cunctarum
984 1035 1068 1099 vires
1086 1033 1226 1099 ferarum
1243 1055 1337 1121 supe-

220 1210 232 1232 n
247 1201 297 1241 ras
311 1178 482 1266 unguibus.
495 1177 582 1243 Talis
596 1201 697 1266 quum
711 1179 755 1242 sis
767 1178 846 1261 avis,
867 1194 974 1242 mutus
988 1200 1023 1243 es
1038 1199 1144 1265 neque
1159 1176 1295 1241 crocitas
1312 1177 1337 1237 v!

265 1316 375 1382 Laude
389 1334 530 1384 mentem
545 1318 672 1384 inflatus
685 1319 790 1401 inani,
812 1342 925 1383 corvus
942 1320 1108 1399 clamavit,
1126 1335 1157 1382 et
1170 1340 1227 1381 ore
1244 1314 1342 1380 simul

223 1460 327 1523 emisit
339 1482 475 1524 caseum.
493 1460 599 1541 Quem
616 1460 682 1524 fera
696 1462 824 1548 rapiens
839 1456 971 1551 callida,
994 1461 1131 1525 «Mutus
1151 1459 1340 1546 neutiquam

222 1630 235 1656 ι
250 1621 318 1662 eras
331 1631 360 1681 υ,
375 1600 482 1689 lingua
497 1600 577 1665 dixit
589 1602 731 1689 procaci,
746 1631 759 1657 ι
773 1600 829 1665 sed
843 1603 926 1666 bene
936 1600 1066 1665 vocalis.
1081 1603 1217 1682 Cuncta,
1231 1622 1344 1679 corve,

224 1755 304 1804 utun
320 1757 411 1823 sunt3
426 1765 517 1807 mens
531 1742 608 1807 defit
626 1761 732 1808 tamen
747 1774 771 1808 ν.

269 2016 428 2079 Monstrat
459 2014 567 2080 fabula
600 2038 666 2079 non
701 2015 817 2079 debere
846 2016 1014 2080 hominem
1043 2014 1149 2104 decipi
1185 2014 1345 2080 laudibus.

227 2160 351 2222 Damna
365 2160 451 2222 enim
466 2157 541 2223 inde
556 2175 588 2223 et
603 2160 722 2247 probra
735 2159 812 2222 oriri
828 2159 946 2224 solent.

697 2567 886 2636 LXXVIII.

561 2878 733 2942 couvus
763 2874 1020 2954 notorius.

280 3239 401 3300 Corvus
426 3246 582 3320 aegrotans
607 3227 700 3289 matri
724 3223 806 3287 dixit
830 3223 953 3312 lugenti
971 3244 979 3284 ε
999 3219 1140 3299 «Mater,
1165 3241 1205 3281 ue
1226 3219 1350 3306 lugeas,

237 3407 251 3433 ι
265 3375 322 3442 sed
341 3375 480 3462 rogitato
499 3368 596 3449 deos,
622 3383 656 3430 ut
669 3389 687 3429 a
702 3365 775 3429 diro
794 3386 909 3451 queam
932 3361 1048 3426 morbo
1070 3375 1163 3446 atque
1184 3359 1351 3423 laboribus

238 3800 287 3849 que
306 3798 355 3834 non
370 3782 514 3833 metiuntur.
531 3785 585 3842 lpse
601 3776 677 3839 reperi
695 3774 767 3824 utiam
822 3774 894 3833 λύπη,
909 3770 1036 3832 στεναγμὸς
1048 3769 1123 3824 οὐδεὶς
1137 3768 1179 3817 in.
1193 3766 1354 3830 Despondteo

239 3867 384 3928 scripturum
403 3876 409 3910 :
427 3862 457 3910 '0
471 3860 552 3919 vinae
564 3857 585 3907 δ’
600 3856 704 3920 ἔκραζεν,
722 3853 768 3912 ἡδ’
820 3855 882 3911 ita-n
894 3852 927 3901 sit
937 3851 1013 3901 tector
1027 3850 1097 3912 niune
1107 3859 1221 3908 securum
1237 3846 1281 3897 sed
1295 3851 1354 3897 sunt

239 3946 286 3994 ciis
296 3944 372 4007 τυρόν·
382 3939 516 3990 ditrochaeo
524 3949 621 3987 rersrrm
633 3934 769 3995 claudente,
821 3928 934 3979 undecim
961 3930 1056 3977 tuntum
1076 3925 1176 3988 syllano
1191 3940 1198 3974 ε
1216 3939 1261 3989 pro
1276 3928 1352 3985 οὐδιὶς

239 4022 304 4085 qriod
319 4022 343 4070 in
360 4020 453 4081 ignatio
466 4019 504 4065 est
516 4013 651 4065 terendum.
663 4018 769 4062 ttumcro
822 4009 923 4072 reponat
934 4006 1056 4069 μηδαμῶς,
1068 4003 1133 4067 quod
1146 4017 1223 4067 nuper
1235 4005 1262 4054 in
1270 4005 1354 4058 codiee

240 4102 320 4151 utitor
337 4099 427 4162 politici
445 4099 523 4161 noctur
540 4094 651 4144 attendat
669 4104 769 4154 pneser·
822 4087 908 4150 reperi.

241 4182 296 4240 tim,
309 4180 549 4242 utipsepoetauon
561 4170 702 4235 quantitati.
721 4175 770 4218 tta·
854 4170 880 4215 tn
897 4160 1072 4213 affabulatioue
1091 4161 1139 4210 tato
1160 4163 1217 4210 ante
1237 4161 1275 4211 vet
1299 4166 1356 4225 post

241 4272 323 4310 ruerus
333 4271 372 4307 me
387 4253 501 4317 fugitum,
513 4263 591 4314 quum
602 4248 698 4298 ederem
708 4247 772 4296 inter
824 4243 980 4300 ἐξαπατᾶσθαι
990 4239 1111 4291 excidisse
1122 4238 1229 4289 videtur.

243 4338 365 4389 tucrdota
376 4337 421 4384 Gr.
436 4336 455 4381 t.
479 4336 501 4392 t,
518 4344 543 4393 p.
561 4333 592 4381 ⁴9
609 4328 655 4377 hos
673 4339 770 4375 tersus:
855 4324 1013 4372 mittini.
1023 4319 1355 4382 ct.cor.r.1aa,p.ta,3at.

243 4420 309 4476 Ζωὴν
317 4415 402 4466 ἐκεῖθεν
409 4413 451 4470 τὴν
458 4408 688 4474 commutatico,
695 4406 774 4455 'Onon
856 4408 879 4454 ³.
897 4410 931 4453 tie
942 4402 1073 4465 ὰνασφῆλαι
1083 4399 1139 4451 vide
1150 4400 1191 4461 75,
1203 4413 1227 4449 u.
1238 4404 1262 4450 a.
1274 4405 1356 4452 Eusta-

1200 4526 1232 4564 to.
