3300 5272
325 423 371 495 ll
620 445 662 495 ur
686 445 884 497 currentum
909 445 1035 495 trunca

372 575 450 647 lam
467 594 549 647 vero
572 571 615 646 de
641 573 768 647 diriora
788 596 897 647 sacrm
920 571 1132 672 geographia
1162 569 1331 668 imprimis

320 698 451 793 optime
466 694 580 770 meriti
598 707 680 771 aunt
695 696 914 771 doctissimus
933 696 1135 771 Ruiuartius
1146 695 1183 769 in
1200 697 1330 769 Nots'tr'o

323 823 479 896 Ecclesia
499 824 666 916 Africana
686 832 720 894 et
735 821 938 896 bochartins
951 826 988 895 iu
1006 823 1215 915 Gcoqropltio
1230 844 1330 893 soora

321 946 381 1042 qui
390 942 554 1018 Moroello
565 944 757 1019 faciliorem
768 946 862 1018 riam
868 944 1059 1042 prebuere.
1074 946 1143 1018 Pro
1150 943 1328 1018 Ruinartio

321 1081 440 1141 nosue
459 1067 605 1167 gloriam
627 1068 802 1142 vindicare
830 1091 969 1165 aequum
993 1078 1067 1159 est,
1096 1047 1226 1165 quippe
1248 1090 1329 1142 cum

322 1189 521 1284 llorcellus,
542 1192 598 1264 vir
614 1214 698 1265 sane
710 1204 747 1266 et
762 1190 1016 1266 eruditissimus
1028 1203 1063 1265 et
1078 1192 1235 1288 apprime
1248 1213 1328 1287 pro·

313 1315 402 1408 bus,
419 1340 486 1390 non
508 1325 562 1388 sat
576 1313 731 1413 amplum
745 1315 794 1389 illi
803 1323 874 1414 jus,
889 1328 1007 1392 nostro
1013 1314 1160 1414 judicio,
1177 1314 1329 1389 tribuero

321 1438 441 1530 soleat,
462 1437 621 1536 quamvis
638 1459 730 1534 saepe
754 1438 947 1535 saepiusque
969 1443 1043 1535 ejus
1061 1435 1238 1510 laboribus
1251 1449 1328 1511 ota·

321 1573 392 1655 tur,
406 1562 566 1659 quamvis
577 1568 650 1660 ejus
665 1573 701 1635 et
710 1573 942 1659 consequatur
951 1560 1155 1659 plerumque
1167 1562 1326 1659 vestigia.

221 1689 222 1693 ’
322 1687 407 1773 luo,
431 1683 599 1783 anuob,
620 1684 681 1782 qui
700 1683 826 1757 Africa
849 1668 1052 1758 Christianis
1066 1684 1328 1780 antiquitatibus

320 1808 450 1882 utiliter
469 1806 612 1903 studuit,
627 1830 708 1881 curn
726 1806 889 1882 Moroello
905 1807 1032 1881 multas
1049 1807 1190 1905 quidem
1204 1819 1238 1882 et
1253 1832 1327 1882 em·

319 1932 492 2031 piissimas
505 1931 622 2007 laudes
635 1931 774 2025 tribuit,
790 1932 962 2006 Ruinartii
982 1934 1112 2006 mirum
1130 1957 1218 2030 opus
1235 1956 1325 2029 prae·

320 2058 491 2130 termittit.
520 2059 682 2131 Attamen
705 2055 762 2129 ille
787 2067 822 2130 et
850 2067 1032 2128 auctorum
1064 2056 1258 2153 frequentia
1291 2070 1328 2130 et

322 2179 492 2255 dictorum
505 2181 614 2254 nitore
629 2191 665 2253 et
687 2178 730 2253 de
751 2179 891 2279 scriptis
906 2202 948 2252 ac
970 2178 1013 2251 de
1032 2178 1133 2253 iactis
1151 2178 1328 2278 Judicandi

320 2317 392 2379 arte
415 2302 619 2404 quaudoque
645 2302 847 2377 Morcellum
871 2304 1072 2401 praeterivit.
1092 2304 1206 2401 Atque
1236 2305 1327 2377 inter

320 2429 437 2501 minus
452 2441 605 2501 recentes
619 2451 690 2501 non
707 2426 865 2501 oblivisci
884 2427 964 2502 licet
981 2438 1156 2501 auctorem
1182 2427 1326 2527 alicujus

320 2551 481 2650 ponderis
493 2555 607 2646 Slaw,
627 2554 688 2651 qui
705 2562 781 2625 tum
798 2551 948 2650 propriis
963 2549 1237 2648 indagationibus
1252 2563 1326 2624 tum

320 2673 487 2751 industria
515 2698 585 2773 qua
608 2678 764 2750 omnium
790 2677 1011 2773 antiquorum
1035 2676 1148 2773 capita
1176 2698 1256 2773 quae
1282 2674 1327 2748 ad

319 2799 475 2874 Africum
486 2809 643 2897 spectant
652 2801 775 2897 coegit,
786 2801 920 2872 caeteris
930 2800 1023 2871 viam
1035 2799 1243 2896 explanavit.
1259 2803 1327 2874 He·

320 2923 433 2999 rodoti
455 2925 546 2997 enim
562 2946 605 2996 ex
620 2923 776 3015 bistone,
801 2947 821 2996 e
839 2923 996 3020 Scylace,
1014 2923 1194 3016 Strabone,
1213 2925 1326 2998 Ptole-

318 3072 420 3142 maeo,
431 3048 618 3146 Pomponio
636 3046 738 3140 Mela,
756 3047 868 3121 Plinio
886 3045 1050 3137 seeundo,
1073 3047 1205 3142 Selino,
1220 3051 1327 3122 Anto·

320 3175 391 3247 nini
424 3174 622 3264 itinerario,
662 3172 808 3266 Ethico,
843 3173 1003 3246 Honorio·
1029 3183 1187 3264 oratore,
1219 3177 1325 3248 Sexto

320 3296 436 3389 Rufo,
471 3297 578 3372 Paulo
617 3296 761 3389 Oresio,
800 3297 969 3370 Martiano
997 3295 1158 3394 Capella,
1195 3296 1325 3370 lsidoro

320 3421 472 3518 Hispal,
494 3420 715 3495 eCollatione
730 3420 908 3520 carthag„
924 3422 1088 3497 eNotitia
1100 3421 1326 3520 Dignitatem,

318 3569 339 3619 o
358 3550 489 3620 Rauen.
510 3548 711 3645 anonymo,
726 3543 870 3644 denique
892 3566 912 3618 e
931 3545 1071 3619 Tabulis
1089 3547 1324 3646 Pontingeria-

318 3671 373 3744 nis
399 3681 563 3768 excerpta
580 3667 732 3743 tradidit.
767 3674 853 3744 Cum
875 3694 957 3745 vero
982 3670 1019 3743 in
1043 3695 1150 3744 mauu
1167 3672 1237 3744 sint
1258 3676 1326 3746 Ta·

318 3796 406 3867 citus
431 3817 471 3867 ae
501 3795 701 3882 Sallustius,
734 3795 835 3867 stow
861 3817 963 3892 opere
996 3794 1081 3867 nibil
1109 3794 1324 3870 commodius

317 3929 419 4017 atque
432 3920 546 4017 aptius
561 3918 703 3991 inveniri
725 3929 863 4015 potest,
884 3918 1009 4016 siquis
1031 3918 1204 3993 Africanis
1219 3918 1324 3993 rebus

316 4040 463 4117 studeat.
480 4046 608 4142 Aperta
624 4066 716 4117 nuno
733 4040 970 4147 Africa-eujus
992 4044 1097 4116 etiam
1115 4041 1229 4117 diruta
1245 4042 1328 4118 ma-¹
