3300 5272
485 522 765 573 crnrnrotnrrusrs
790 522 950 571 nrsronrr.
1178 501 1221 571 87

220 651 419 747 nescioquo
440 649 532 722 lacto
565 673 642 721 curn
678 648 862 721 Fonolonio
885 650 939 721 cui
968 660 1080 720 tamen
1112 649 1226 722 miuus

221 771 389 867 placebat,
411 773 584 846 interdum
607 787 838 869 comparatur.
862 772 899 846 Si
917 774 1007 845 viros
1035 797 1114 845 ase
1137 771 1227 846 mul-

221 911 295 969 tum
313 894 478 969 distantes
498 896 690 970 assimilare
707 895 825 988 libeat,
843 897 972 995 quippe
991 919 1071 968 curn
1087 895 1226 979 coelum,

223 1043 291 1111 res,
303 1031 386 1094 aetas
398 1021 699 1114 alienissimasint‚
712 1023 994 1095 Bossuetiituma
1006 1023 1232 1095 morumsim·

224 1145 388 1240 plicitate,
412 1162 486 1219 tum
505 1147 549 1219 ab
563 1170 662 1243 aequa
680 1144 849 1220 sentiendi
871 1144 1116 1220 consuetudine
1133 1144 1230 1218 illum

225 1270 421 1366 propiorem
435 1270 608 1343 existimo.
629 1268 722 1343 Idem
740 1284 775 1342 et
802 1270 978 1366 ingenium
994 1267 1103 1340 altum
1122 1290 1163 1340 ac
1177 1292 1234 1341 su·
1269 1294 1272 1300 ’

226 1392 335 1466 blime‘
350 1393 459 1466 oritur
477 1417 519 1466 ex
538 1392 658 1466 eadem
677 1417 816 1467 summa
837 1393 874 1465 in
885 1391 1072 1490 judicando
1091 1389 1236 1488 pruden-

228 1518 277 1590 tia
299 1527 403 1615 atque
420 1520 555 1615 optima
573 1531 698 1590 mente.
722 1517 791 1592 Sed
807 1517 853 1591 ab
869 1530 1015 1615 utroque
1037 1514 1157 1589 diflert
1172 1519 1234 1590 Fe·

229 1640 386 1713 nelonius
403 1642 462 1739 qui
482 1643 532 1714 ita
548 1642 694 1716 artificio
714 1641 917 1736 delectatur,
934 1643 993 1739 qui
1010 1641 1168 1715 homines
1188 1641 1238 1714 ita

230 1764 345 1838 titillat
363 1778 399 1838 et
416 1789 518 1840 aures
536 1764 741 1863 permulcet,
756 1768 816 1865 qui
829 1791 904 1842 sese
915 1768 953 1840 in
966 1765 1174 1864 quibusdam
1190 1765 1239 1837 ita

231 1890 498 1986 intemperatum
511 1889 629 1975 hahet,
646 1893 707 1988 qui
725 1892 864 1965 tandem
876 1902 1055 1965 venustate
1068 1914 1110 1963 ac
1123 1889 1239 1987 lepore

232 2014 281 2086 ita
299 2036 436 2110 semper
448 2015 563 2088 affluit
575 2025 614 2088 ut
622 2016 943 2114 magisingeniosus
953 2015 1099 2111 scriptor
1112 2025 1147 2086 et
1159 2036 1239 2087 con·

234 2149 427 2212 summates
451 2137 575 2211 artifex
603 2155 719 2234 quam·
734 2139 922 2236 imperator
940 2140 1069 2237 gravis,
1090 2138 1238 2234 sapiens,

235 2263 426 2359 errorisque
444 2279 568 2358 expers
586 2285 663 2336 esse
682 2262 850 2336 rideatur.

284 2390 445 2459 Attamen
462 2387 673 2482 Cyprianum
680 2393 843 2482 Juvenum
861 2398 971 2459 artem
984 2387 1168 2457 oratoriam
1179 2383 1242 2455 do-

238 2511 348 2583 ruisse
357 2522 573 2607 compertum
583 2523 670 2599 θεῖ’,
680 2522 716 2583 et
724 2508 923 2607 aliquandiu
932 2512 968 2582 in
980 2507 1123 2582 dicendo
1137 2507 1245 2582 aflec-

238 2649 329 2707 tasse
342 2634 528 2707 ambitiosa
545 2645 748 2707 ornamenta
759 2656 838 2729 quar
852 2631 896 2705 ad
911 2632 1087 2706 Christum
1103 2654 1245 2705 conver·

240 2782 300 2831 sus
317 2757 494 2831 celerrime
509 2757 645 2831 recidit.
668 2757 902 2846 Quamobrem
926 2759 963 2831 in
981 2757 1103 2831 litteris
1121 2757 1247 2855 quibus

243 2886 377 2957 Donato
389 2885 464 2955 viro
474 2882 541 2956 sibi
550 2883 762 2956 amicissimo
775 2905 894 2957 recens
903 2883 1116 2957 Christianus
1127 2907 1248 2957 sensus

242 3030 322 3080 suos
343 3007 466 3103 aperit,
486 3006 644 3105 quaedam
663 3006 882 3104 reprehendit
891 2990 1115 3106 Augustinus,
1131 3018 1250 3104 utpote

244 3128 541 3226 quoerhetoricam
550 3129 692 3204 olerent.
705 3133 821 3219 Quum
828 3153 909 3204 vero
917 3139 991 3231 ejus
1002 3131 1106 3204 libros
1116 3131 1249 3218 evolvo,

244 3254 368 3327 veteris
393 3253 678 3351 inuoluptatibus
704 3254 826 3328 mundi
848 3256 1056 3353 cyprianum
1076 3265 1250 3326 versatum

246 3377 354 3451 luisse
374 3374 534 3465 arbitror,
567 3380 626 3474 qui
645 3378 777 3451 scilicet
800 3375 843 3451 de
869 3377 974 3451 rebus
1001 3376 1151 3474 loquitur
1167 3378 1253 3451 vivi·

247 3500 397 3575 dissimis
411 3500 479 3573 illis
497 3523 577 3574 cum
597 3500 756 3576 sensibus
775 3524 864 3598 quos
882 3500 1062 3574 hominum
1076 3524 1161 3574 usus
1177 3514 1254 3574 tan·

248 3642 322 3702 tum
335 3628 417 3701 dare
430 3627 530 3701 solet.
555 3628 591 3699 Si
606 3650 688 3725 ergo
706 3626 749 3699 tle
767 3626 910 3700 theatris
926 3624 1035 3700 rerba
1055 3626 1150 3711 facit,
1169 3651 1254 3725 gau·

249 3751 296 3826 dii
309 3754 346 3825 in
364 3751 569 3849 spectaculis
591 3750 722 3824 sontem
742 3749 827 3824 dicit
853 3751 936 3823 oriri
960 3775 1002 3824 ex
1024 3751 1093 3823 illis
1116 3751 1257 3823 secretis

251 3887 353 3974 atque
383 3875 540 3950 dulcibus
568 3874 753 3949 affectibus
780 3874 906 3971 quibus
934 3877 1126 3948 concitatur
1153 3875 1256 3948 homo

290 4177 309 4220 ι.
330 4172 411 4232 lact„
425 4173 515 4221 Dicta.
530 4172 603 4225 tart..
620 4169 637 4219 Ι.
651 4169 680 4225 V.
693 4177 701 4218 t
715 4205 721 4221 .
735 4172 761 4217 ot
773 4167 890 4228 Hieron„
900 4169 931 4219 de
942 4171 1036 4233 scrtpt.
1048 4168 1191 4221 ecclesiast.
