3300 5272
421 442 485 514 11¹6
658 534 659 538 Ἴ
722 460 864 511 crunnus
889 459 1110 521 sccsnsmons

415 591 509 666 ltalis
538 590 706 687 episcopis
740 611 815 665 sese
844 595 1039 689 jungentes·
1063 588 1237 680 Africani,
1270 589 1436 663 Cornelii-

413 726 529 815 partes
547 723 663 812 aperte
681 712 790 786 secuti
813 723 909 786 sunt.
934 714 1010 790 Nec
1025 724 1140 787 antem
1165 713 1283 785 interit
1300 713 1416 788 Nova·

413 839 498 913 tiaui
515 837 720 928 auctoritas3
739 848 774 909 et
789 835 1023 911 Felicissimae
1044 837 1095 912 sui
1122 835 1248 910 multos
1265 835 1416 910 fautores

414 962 549 1052 habuit,
561 959 713 1035 conciliis
723 961 804 1033 licet
816 961 1003 1057 saepissime
1018 958 1211 1052 damnatos,
1229 961 1287 1058 qui
1302 961 1417 1034 conti-

414 1083 493 1156 nuis
508 1079 553 1155 ab
568 1081 700 1178 injuriis
714 1102 891 1177 nunquam
911 1079 1148 1176 conquievere.

462 1206 516 1279 Ex
539 1227 628 1301 quo,
650 1202 834 1277 concilium
865 1202 1044 1276 convocari
1071 1225 1210 1276 necesse
1234 1213 1319 1276 erat.
1347 1205 1416 1301 cy-

411 1330 552 1427 prianus
572 1328 676 1424 igitur
693 1333 833 1425 ejusque
855 1349 898 1400 ex
918 1326 1071 1400 africana
1088 1326 1246 1401 Ecclesia
1260 1325 1412 1426 collegae,

412 1472 556 1523 numero
583 1449 778 1546 sexaginta,
822 1446 1063 1546 Carthaginem
1093 1459 1325 1522 convenerunt
1355 1449 1415 1546 qui

412 1570 629 1669 disciplinam
659 1581 693 1644 et
717 1551 971 1669 oppugnatione
1001 1582 1035 1644 et
1064 1571 1249 1647 schismate
1279 1583 1415 1672 pertur·
1480 1594 1484 1603 ·

413 1697 531 1794 batam
538 1696 783 1787 instaurarunt,
803 1708 838 1769 et
855 1718 984 1794 eaquae
1002 1694 1141 1792 delapsa
1157 1696 1339 1788 fluxerant,
1361 1718 1415 1768 se·

411 1822 503 1894 veris
533 1818 666 1917 legibus
697 1821 848 1893 vinxere.
872 1816 1033 1893 'Attamen
1065 1819 1303 1894 brevissimam
1336 1830 1417 1918 post

411 1966 534 2045 pacem
550 1966 670 2016 rursus
684 1942 835 2015 instabat
849 1941 997 2036 bellum;
1015 1943 1122 2016 Decio
1146 1945 1238 2016 enim
1251 1942 1316 2018 sub
1335 1945 1415 2016 anni

412 2090 484 2141 com
498 2067 565 2140 fine
582 2077 732 2157 mortuo,
754 2066 870 2140 Gallus
893 2064 1056 2140 adversus
1083 2042 1415 2165 christianospersa·

414 2192 587 2266 cntionem
617 2189 882 2288 redintegrabat.
914 2193 1026 2280 Quare
1056 2190 1298 2264 Thibaritanos
1327 2215 1429 2289 quos.

412 2316 560 2389 invisere
577 2315 614 2387 in
632 2315 722 2388 votis
740 2313 928 2406 habuerat,
956 2339 1071 2389 rerum
1092 2317 1271 2412 iniquitate
1295 2314 1414 2388 deten-

276 2496 278 2500 .
412 2451 497 2531 tus,
508 2436 554 2512 ad
565 2438 690 2512 fortem
704 2449 740 2512 et
753 2461 917 2537 magnum
930 2439 1084 2512 animum
1099 2437 1300 2512 adhortatus
1316 2449 1369 2512 est
1384 2447 1412 2510 ¹.

413 2566 490 2636 lam
510 2585 592 2636 vero
611 2565 731 2635 Romae
755 2562 907 2659 primum
939 2562 1084 2659 flagrare
1110 2574 1143 2634 et
1167 2561 1301 2654 imere3
1332 2564 1414 2635 Cor·

414 2687 590 2785 neliusque
613 2709 692 2759 cum
709 2688 876 2760 Romanis
898 2686 1029 2780 multis,
1051 2699 1187 2783 strenue
1208 2685 1415 2760 descendere

413 2813 450 2884 in
480 2797 631 2883 arenam.
663 2811 773 2898 Quem
802 2809 838 2882 in
870 2807 1027 2883 exsilium
1054 2808 1193 2906 pulsum
1222 2809 1415 2907 magnificis

414 2931 545 3008 extollit
557 2929 715 3006 laudibus
730 2932 932 3029 perlitteras
945 2931 994 3006 illi
1005 2933 1132 3007 extorri
1144 2933 1414 3030 quamprimum

414 3058 593 3133 redditas:
617 3090 630 3123 α
655 3060 897 3157 cognovimus,
925 3060 1049 3156 inquit,
1069 3057 1177 3130 frater
1197 3056 1411 3147 charissime,
1497 3149 1500 3156 Ι

412 3182 492 3258 fidei
515 3207 556 3257 ac
576 3184 712 3257 virtutis
730 3194 854 3257 vestras
875 3183 1071 3256 testimonia
1086 3182 1254 3282 gloriosa,
1273 3192 1308 3254 et
1329 3205 1414 3257 con·

413 3309 573 3383 fessionis
586 3319 710 3381 vestra
731 3307 898 3382 bonorem
911 3308 961 3380 sic
974 3307 1184 3382 exsultanter
1199 3307 1411 3406 accepimus,

413 3445 452 3507 ut
470 3434 506 3506 in
524 3433 657 3506 meritis
674 3454 714 3504 ac
732 3429 892 3504 laudibus
907 3431 1030 3505 vestris
1056 3454 1120 3503 nos
1144 3453 1280 3529 quoque
1306 3433 1415 3529 parti·

415 3558 508 3656 cipes
526 3568 561 3630 et
574 3555 686 3631 socios
706 3564 946 3653 computemus
967 3567 1027 3627 ’.ι
1049 3555 1148 3629 Brevi
1166 3567 1281 3629 autem
1299 3554 1414 3652 elapso

414 3692 580 3777 tempore,
600 3699 727 3777 magna
743 3699 823 3750 cum
838 3674 937 3751 laudo
957 3678 1132 3753 Cornelius
1145 3701 1210 3775 pro
1228 3664 1415 3753 fideritam

449 4018 471 4065 r.
487 4015 574 4080 opor.
591 4013 653 4068 cvr.

446 4104 472 4150 a.
490 4100 573 4165 apoc
585 4097 660 4161 nvn,
671 4098 709 4152 aa
721 4096 907 4151 cunamen
917 4094 1020 4148 mua.
