3300 5272
336 482 403 556 106
642 505 787 556 amaram
812 504 1033 565 aoomsraoue

331 629 470 728 thagiue
488 628 588 703 multi
612 628 785 703 Christum
803 636 1005 727 ejurassent,
1027 631 1088 728 qui
1108 641 1225 703 tamen
1237 627 1333 703 breui

331 751 374 826 ad
389 751 518 833 bouem
532 752 667 851 frugem
679 755 822 849 recepti,
837 751 882 826 ab
899 751 1187 851 episcopc'delicti
1197 753 1334 827 veniam

332 876 564 974 exoptabant,
601 885 770 974 martyres
799 875 1098 950 circumsistebant
1125 887 1164 949 ut
1194 875 1334 950 abillis

330 999 460 1075 litteras
497 999 596 1096 quasi
640 999 934 1073 commendatitias
974 1010 1140 1097 peterent.
1185 999 1333 1088 Quidam

328 1122 433 1221 igitur
463 1122 678 1196 confessores
706 1123 751 1197 ad
783 1126 991 1222 cyprianum
1026 1124 1216 1197 scribentes
1232 1124 1333 1196 enixe

328 1257 490 1345 rogarunt
518 1278 532 1310 ι
558 1258 641 1320 tunc
664 1246 833 1322 desideria
857 1272 920 1323 sua
947 1249 1134 1323 examinari
1157 1258 1192 1320 et
1210 1270 1332 1345 pacem

327 1370 414 1464 dari,
444 1370 580 1469 quando
612 1373 688 1470 ipsa
717 1386 798 1446 aute
827 1385 939 1446 mater
960 1371 1116 1445 Ecclesia
1139 1393 1260 1467 pacem
1288 1368 1332 1442 de

325 1496 559 1570 misericordia
583 1496 724 1569 Domini
754 1497 849 1594 prior
876 1498 1062 1595 sumpserit
1077 1499 1102 1570 ⁴.
1142 1530 1155 1563 ι
1185 1498 1331 1592 Exque

325 1612 510 1719 episcopus
542 1637 577 1692 et
602 1619 710 1719 Judex
735 1631 771 1693 et
797 1622 963 1719 magister
990 1622 1106 1695 omnia
1131 1621 1331 1694 auctoritate

327 1766 392 1817 sua
417 1743 572 1842 gerebat,
597 1768 656 1817 eos
680 1744 761 1818 licet
789 1743 854 1818 sibi
891 1745 1249 1818 commendatissimas
1276 1742 1330 1815 in-

327 1866 505 1964 dulgenter
530 1868 684 1942 haberet.
702 1872 825 1966 Neque
843 1892 960 1942 vcro«
990 1883 1070 1943 aute
1093 1881 1207 1942 actam
1221 1867 1331 1966 poeui-

325 1993 483 2085 tentiam,
501 2005 580 2066 ante
590 1993 859 2092 exomologesim
869 1995 1060 2091 grauissimi
1074 2006 1174 2091 atque
1185 1993 1328 2066 extremi

323 2114 439 2190 delicti
449 2117 589 2209 factam,
600 2129 679 2190 aute
692 2140 833 2191 manum
847 2117 891 2192 ab
902 2119 1061 2214 episcopo
1071 2117 1202 2191 etclero
1212 2117 1247 2188 iu
1258 2138 1330 2213 pce·

323 2239 501 2313 nitentium
516 2241 727 2339 impositam,
739 2218 865 2316 offerre
875 2266 936 2339 pro
947 2241 1014 2314 illis
1029 2254 1063 2314 et
1074 2240 1327 2314 Eucharistiam

323 2362 425 2437 dare²
451 2397 464 2431 a
486 2365 575 2438 ullos
599 2377 742 2463 poterat.
764 2368 810 2439 At
836 2364 975 2463 quidam
998 2366 1149 2463 episcopi
1180 2365 1328 2439 auctori·

323 2490 403 2561 tatis
425 2488 643 2564 incommodo
671 2503 707 2563 et
737 2489 944 2564 detrimento
974 2512 1052 2587 quae
1071 2502 1187 2561 tamen
1218 2490 1253 2560 in
1285 2510 1327 2560 eo

322 2635 436 2685 rerum
469 2613 667 2687 discrimine
698 2616 820 2712 quavis
845 2616 977 2688 ratione
1003 2625 1077 2687 erat
1111 2610 1323 2700 sustinenda,

321 2734 494 2834 religionis
516 2736 748 2812 desertoribus
763 2738 896 2812 litteras
913 2737 1105 2811 tribuerunt
1124 2734 1250 2833 quibus
1261 2755 1324 2831 pa-

320 2882 396 2933 cem
416 2859 522 2956 lapsis
546 2860 621 2934 dari
644 2862 883 2935 mandabatur.
914 2861 1059 2950 Quidam
1076 2873 1111 2934 et
1132 2858 1326 2957 presbyteri

190 2976 193 2981 ’
319 3006 399 3057 cum
423 2983 473 3057 eis
489 2985 794 3059 communicabant
814 2975 1131 3083 Eucharistiamque
1150 2983 1217 3058 illis
1235 3005 1324 3081 prae·

318 3106 461 3181 bebant.
475 3109 666 3206 Cyprianus
692 3119 808 3182 autem
834 3108 1020 3183 sacerdotii
1035 3109 1102 3200 sui,
1122 3120 1163 3182 ut
1180 3109 1243 3195 ait,
1264 3107 1326 3180 ho-
1453 3191 1456 3197 ,

215 3319 220 3330 ,
318 3254 439 3306 uorem
471 3255 650 3307 reservans
674 3244 709 3305 et
739 3233 888 3329 antiqua
921 3232 1102 3306 cousulens
1119 3231 1320 3329 disciplina,

318 3356 495 3431 nullumiu
504 3358 649 3455 gratiam
660 3356 769 3430 redire
779 3380 880 3453 posse
894 3367 1083 3429 statuerat«
1094 3357 1161 3428 nisi
1170 3356 1265 3454 prius
1273 3352 1324 3426 illi

318 3480 364 3555 ab
384 3483 545 3579 episcopo
565 3492 601 3555 et
614 3481 705 3554 clero
722 3504 848 3555 manus
872 3481 1148 3578 lueritimposita
1167 3512 1200 3570 n,
1221 3491 1324 3576 atque

317 3605 371 3678 bis
406 3607 442 3678 in
473 3605 686 3703 gravissimis
698 3604 831 3678 delictis
845 3605 961 3678 omnia
988 3602 1172 3702 prudentia
1187 3602 1324 3677 dicebat

317 3722 568 3804 moderanda3.
595 3732 641 3803 Ut
664 3728 842 3802 ecclesiam
869 3727 1130 3826 perturbarent,
1155 3739 1194 3800 ut
1213 3727 1321 3823 potis·

348 3966 371 4011 ι.
389 3958 529 4025 spaera.

346 4050 372 4096 2.
388 4044 474 4110 Epist.
484 4041 518 4095 X.

346 4131 371 4177 3.
386 4128 474 4192 Bplat.
487 4124 529 4178 nt
