3300 5272
548 516 601 584 ειν
620 515 784 564 ιονινννιιε
803 517 881 564 mox.
1168 501 1225 569 181
1356 520 1358 525 ·

223 669 268 709 σιν
283 647 346 710 ὅτι·
364 646 403 711 Σὺ
419 644 508 735 μόνος
526 671 578 734 μοι
597 630 777 737 θπελείφθης
794 654 848 722 τῆς
863 649 1018 737 συμφοράς
1033 645 1233 736 παραμύθιον,

223 768 275 835 καὶ
300 767 349 835 ἐπὶ
372 767 419 834 σοὶ
441 770 524 861 μόνῳ
545 770 712 862 θαῤῥόσας,
740 778 795 836 τοῦ
822 772 863 862 μὴ
886 775 1044 862 προκρῖναι
1072 771 1161 861 μέχρι
1183 766 1234 834 καὶ

223 901 273 959 νῦν
292 893 342 959 τὸν
362 891 492 960 θάνατον
509 905 563 973 τῆς
578 888 655 974 ζωῆς
678 899 733 970 τὸν
748 897 843 987 ὁρμὴν
860 880 1028 985 έπέσχονί·
1049 894 1168 970 πάντως
1188 884 1235 977 δὲ,
1277 980 1283 997 .

222 1007 294 1082 οὐδὲ
307 1017 473 1109 φροντίσεις
484 1004 508 1102 ²,
527 1027 582 1096 τῆς
600 1019 744 1096 τοιαύτης
757 1019 914 1096 ἀπολύσας
930 1044 967 1107 με
982 1020 1149 1110 συμφοράς,
1164 1019 1235 1083 όσυν

224 1138 283 1231 ἀρα
301 1147 434 1209 πλοῦτον
447 1143 497 1210 καὶ
512 1143 633 1235 χρυσίον
654 1145 727 1237 παρ’
740 1149 826 1234 ήμῶν
844 1137 928 1222 ἔξεις,
950 1149 988 1220 ὡς
1007 1144 1100 1236 ἔγωγε
1120 1139 1236 1230 ἄφθονά

224 1289 269 1329 σοι
283 1274 383 1331 ταῦτα
403 1259 536 1358 παρέξω,
551 1266 603 1332 καὶ
621 1257 753 1333 ἐλπίδων
768 1276 873 1332 πασῶν
894 1261 1025 1357 ἀμεινων.
1048 1260 1124 1330 Εἷπε
1138 1251 1163 1348 ³,
1185 1264 1236 1329 καὶ

226 1389 397 1481 Κυπριανὸν
416 1380 605 1456 ἐπακούοντα
623 1392 704 1480 ἔσχε,
722 1389 774 1456 καὶ
792 1396 831 1467 ὡς
849 1389 942 1481 τάχος
957 1390 1057 1455 λύσειν
1078 1390 1163 1473 αὐτῷ
1181 1389 1236 1460 τὴν

222 1512 321 1584 λύπην
340 1512 599 1605 ἐπαγγελλόμενον
614 1501 637 1579 ¹⁸.
658 1500 686 1579 O
703 1509 824 1600 μὲνοῦν
844 1514 935 1606 ἀπομι
953 1513 1081 1604 χαίρων,
1096 1512 1147 1577 καὶ
1165 1514 1238 1578 ὅσον

225 1637 310 1702 οὔπω
326 1640 380 1710 τλν
399 1638 544 1727 παρθένον
565 1628 618 1704 διά
636 1638 734 1730 χειρὸς
755 1630 828 1714 ἕξειν
843 1629 1081 1728 φανταζόμενος.
1102 1634 1238 1727 Κυπρια·

223 1760 273 1836 νὸς
295 1750 330 1826 δὲ
348 1758 388 1838 εἰς
408 1757 463 1837 τὰς
488 1755 612 1844 βίύλους
634 1760 715 1837 εὐθὺς
739 1756 847 1850 έόλεψε
861 1749 886 1846 ⁵,
908 1750 988 1839 τὰςῦ
1006 1770 1135 1827 τοιαῦτα
1157 1764 1236 1854 ε’νερ-

223 1889 285 1977 γεῖν
301 1874 482 1976 δυναμένας,
497 1884 550 1951 καὶ
569 1881 599 1950 ἓν
615 1893 675 1951 τῶν
696 1894 835 1977 πονηρῶν
856 1884 1038 1975 πνευμάτων
1055 1884 1198 1968 καλέσας,
1217 1881 1237 1948 ἀ

224 2009 298 2101 πρὸς
318 2006 358 2074 τὰ
387 2015 489 2101 φαῦλα
514 2017 612 2076 ταῦτα
640 2015 789 2103 συνεργεῖν
819 2001 884 2076 οἶδε
910 2009 1090 2103 προθύμως,
1117 2010 1168 2074 καὶ
1194 2004 1237 2086 οἷς

223 2137 330 2212 ἐκεῖνος
356 2125 507 2214 διακόνοις
526 2138 637 2226 ἐχρῆτο
652 2122 677 2219 ⁷,
703 2137 782 2228 μέγα
807 2160 839 2200 τι
863 2134 916 2201 καὶ
942 2124 1113 2227 τερατῶδες
1140 2133 1237 2199 ἀνύειν

225 2259 428 2348 βουλόμενος·
448 2258 485 2327 Εἰ
502 2264 603 2336 καλῶς
623 2285 674 2350 μοι
692 2259 743 2325 καὶ
766 2259 898 2350 ταχέως,
918 2261 986 2350 ἔφη,
1011 2244 1168 2335 τελέσεις8
1200 2259 1236 2324 τὸ

222 2384 406 2476 ὑπούργημα
425 2372 511 2469 τόδε,
531 2388 567 2448 τὸ
584 2378 663 2469 μετὰ
680 2391 779 2448 ταῦτα
791 2380 958 2473 χαριοῦμαί
973 2406 1021 2448 σοι
1038 2376 1077 2446 τὰ
1092 2383 1237 2474 μέγιστα,

222 2503 280 2570 καθ’
292 2514 352 2570 τῶν
369 2500 469 2571 ἀλλων
489 2500 612 2591 πάντων
632 2505 714 2582 θησω
733 2509 881 2598 προέχειν.
901 2505 946 2571 Τὸ
967 2497 1003 2571 δὲ
1023 2501 1065 2571 τὰ
1082 2509 1235 2596 προσφιλῆ

222 2629 274 2695 καὶ
292 2631 402 2704 συνήθη
426 2639 481 2707 τῆς
496 2618 723 2721 ὑπερηφανίας9
754 2628 974 2723 φθεγγόμενον·
993 2629 1057 2695 Καὶ
1076 2630 1122 2712 τέ,
1142 2624 1236 2713 εἶπεν,

222 2748 238 2816 θ
258 2755 298 2844 μὴ
316 2743 427 2844 ῥαδίως
443 2753 509 2845 ἐμοὶ
523 2747 713 2846 πεπράξεται
733 2754 924 2844 βουλομένῳ,
942 2752 1092 2828 πολλάκις
1110 2748 1237 2845 μὲνγὰρ

222 2877 295 2953 ὅλας
325 2876 428 2956 πόλεις
456 2878 638 2964 κατέσεισα,
669 2877 817 2955 πολλάκις
844 2867 880 2942 δὲ
894 2883 993 2969 ’χεῖρα
1026 2876 1236 2968 πατροκτόνον

222 2992 320 3078 ὀξεῖαν
340 3001 467 3091 ὀφθῆναι
483 3002 558 3095 πρὸς
575 3010 669 3070 τοῦτο
688 2999 739 3068 καὶ
758 2998 916 3094 τολμηρὰν
934 3001 1164 3093 παρεσκεύασα,
1185 3008 1237 3089 μῖ-

222 3148 272 3199 σος
286 3114 430 3215 ἀδελφοῖς
445 3151 480 3192 τε
500 3126 551 3192 καὶ
567 3119 725 3218 ὁμοζύγοις
744 3115 898 3192 άσπονδον
919 3126 1023 3206 ἐνῆκα,
1049 3121 1235 3214 παρθενεύειν

223 3244 354 3321 πολλοὺς
379 3248 583 3338 βουλομένους
603 3233 779 3338 ἀπε“ρξα’”,
791 3253 936 3338 μοναχοῖς
955 3248 985 3312 ἐν
1008 3245 1089 3337 ὄρεσι
1108 3235 1237 3312 διαιτω-

222 3356 365 3457 μένοιςἸ,
390 3370 441 3436 καὶ
450 3357 477 3399 ¹²
499 3370 625 3460 νηστείᾳ
643 3358 762 3464 πάσμ18
774 3369 1043 3462 συνεισθισμένοις,
1062 3369 1114 3436 καὶ
1128 3378 1236 3462 μικροῦ

222 3481 302 3583 μηδὲ
318 3493 428 3584 σαρκὸς
449 3496 527 3570 ὀλως
547 3495 648 3585 μνείαν
665 3496 867 3586 ποιουμένοις,
884 3491 1044 3585 ἐπιθυμίαν
1064 3492 1173 3585 σαρκὸς
1189 3495 1236 3558 ἑν-

259 3714 281 3759 1.
301 3710 424 3775 Ἆπέσχσν,
438 3711 467 3762 [λ
477 3711 506 3763 F.
771 3714 797 3760 8.
816 3709 929 3768 Τελέσης,
943 3707 972 3758 Ε.

256 3799 280 3842 2.
299 3794 336 3841 Οὐ
349 3795 491 3860 φροντίσης,
499 3794 529 3845 Β.
771 3801 796 3847 9.
814 3793 1013 3858 ’Υπερηρανιίας
1026 3793 1057 3845 D.

256 3881 280 3926 3.
299 3873 366 3928 Add.
381 3875 469 3939 ταῦτα,
482 3879 511 3929 B.
756 3884 796 3929 ¹0.
816 3877 928 3943 Ἆετῆρξα,
942 3877 971 3935 D,
983 3876 1013 3929 Ε.

256 3965 281 4011 4.
298 3961 530 4028 Ἐπαγγειλάμενσν,
542 3964 570 4017 E.
757 3969 796 4013 11.
816 3962 993 4026 Διαιτομένσις,
1005 3961 1034 4012 B.

256 4053 280 4095 ο.
292 4046 408 4103 Ἔόλεπε,
427 4047 455 4098 Ε.
757 4053 796 4096 12.
816 4043 942 4098 Undecim
955 4041 1094 4096 νοσεεᾱυε.
1114 4045 1140 4095 B.

257 4140 279 4183 θ.
298 4127 362 4181 Αύύ.
380 4133 419 4190 τὰ,
433 4132 461 4184 C.
757 4137 795 4182 13.
814 4131 889 4194 Πᾶσι,
904 4128 931 4181 C.
945 4129 977 4180 D.

256 4221 280 4264 7.
300 4215 417 4280 Ἐχρεῖτσ,
432 4216 460 4268 B.
