3300 5272
487 518 773 569 oanmsamrarsrs
799 521 959 573 ursroam.
1179 506 1221 576 91

219 658 416 746 postquam,
437 646 572 720 caelitus
587 647 709 744 spiritu
724 645 862 737 hausto,
887 651 921 720 iu
938 638 1141 726 nomm'ma
1164 654 1226 725 ho-

222 774 350 845 minem
365 773 524 845 nativitas
538 768 688 844 secunda
698 773 883 869 reparavit,
902 776 1028 847 mirum
1041 777 1076 847 in
1089 775 1228 850 modum

222 896 378 992 protinus
398 896 602 968 eonlirmare
621 893 794 987 sedulia,
819 910 935 994 patore
959 898 1094 987 clausa,
1118 900 1231 974 lucere

219 1020 414 1111 tenebrosa,
435 1020 634 1094 facultatem
649 1019 732 1093 dare
747 1020 840 1118 quod
860 1023 956 1120 prius
977 1021 1118 1096 difficile
1133 1022 1229 1097 vide·

218 1142 332 1232 batur,
353 1145 425 1241 geri
446 1167 548 1240 possa
563 1142 657 1242 quod
673 1143 888 1241 impossibile
909 1145 1134 1243 putabatur¹.
1162 1176 1176 1210 a

268 1271 464 1353 damnare,
490 1292 597 1366 quum
621 1271 770 1364 primum
792 1270 918 1343 Christi
946 1272 1044 1369 signa
1062 1270 1230 1344 Thascius

225 1392 330 1465 luerit
356 1404 577 1495 consecutus,
603 1392 794 1490 priseomm
823 1392 1093 1466 Christianorum
1117 1385 1228 1486 inore,

222 1501 390 1592 bonasua
399 1516 553 1591 vendidit
567 1517 632 1590 sub
646 1516 759 1607 hasta,
776 1531 817 1590 ut
829 1519 918 1592 inter
930 1542 1099 1616 pauperes
1112 1540 1231 1591 eornm

221 1644 372 1740 pretium
392 1641 570 1730 divideret,
590 1653 768 1738 totumque
780 1641 948 1739 religiosis
964 1643 1068 1717 rahus
1087 1666 1161 1718 sese
1174 1642 1233 1717 da·
1268 1735 1270 1739 v

223 1778 289 1840 ret.
326 1769 411 1855 Qum
441 1766 531 1840 inter
561 1766 653 1839 bona
677 1768 895 1865 potissimum
922 1768 1154 1843 laudabantur
1188 1766 1231 1842 ad

224 1890 437 1989 Carthaginis
455 1903 590 1988 portam
616 1889 708 1963 horti
735 1892 970 1965 amenissimi.
1002 1896 1159 1967 Fortasse
1188 1890 1233 1965 ad

223 2016 300 2088 illos
319 2016 441 2090 alludit
461 2039 542 2089 eum
563 2015 599 2088 iu
622 2015 787 2113 Epistolis
817 2014 991 2115 depingit,
1017 2019 1170 2092 Socratis
1191 2040 1233 2089 ao

224 2139 327 2212 Tullii
350 2140 431 2232 ritu,
447 2137 584 2213 dolrem
602 2163 644 2212 ae
665 2153 836 2213 secretum
853 2140 968 2215 locum
992 2164 1062 2240 quo
1077 2148 1174 2235 iurat
1191 2139 1234 2214 de

224 2262 328 2337 rebus
365 2262 490 2337 divinis
529 2287 644 2362 agere.
687 2267 801 2364 Erga,
843 2263 1079 2363 «indulgente
1115 2262 1228 2337 vinde-

225 2388 328 2460 mia»
349 2400 384 2460 et
407 2419 420 2452 α
442 2387 635 2462 fatiscentis
659 2391 739 2462 anni
762 2423 782 2467 ι»,
796 2391 908 2486 pactis
928 2389 1085 2475 induciis,
1106 2413 1150 2463 ne
1167 2387 1236 2461 eol·

226 2510 380 2608 loquium
407 2513 572 2609 profanus
590 2513 767 2608 perturbet
786 2515 1006 2604 interventor,
1024 2536 1069 2586 ne
1091 2515 1235 2610 strepitu

226 2640 487 2735 peregrinentur
506 2658 620 2727 aures,
637 2636 825 2710 fabulaturi
849 2660 1025 2711 secessum
1044 2649 1167 2735 petunt
1188 2642 1236 2735 ju·

227 2759 379 2833 eundum
413 2761 469 2832 eui
501 2772 686 2834 autumnus
721 2784 848 2834 noram
887 2764 1094 2836 suavitatem
1127 2761 1234 2835 addit.

233 2887 365 2956 «Dum
389 2884 525 2956 erratici
553 2885 736 2981 palmitum
762 2886 881 2984 lapsus
910 2885 1055 2960 nexibus
1080 2884 1238 2983 pendulis

228 3030 290 3103 per
302 3005 488 3080 arundines
503 3008 638 3103 bajulas
657 3023 793 3107 repunt,
815 3014 941 3084 viteam
957 3012 1129 3109 porticum
1147 3011 1239 3084 fron·

228 3128 293 3203 dea
308 3123 399 3203 tecta
420 3131 595 3205 fecerunt·
609 3136 701 3207 Bene
716 3134 773 3206 hie
788 3133 901 3207 studia
915 3137 950 3207 in
969 3158 1071 3209 aures
1090 3132 1236 3222 damns;

230 3266 265 3325 et
286 3251 369 3327 dum
391 3254 425 3324 in
446 3255 587 3328 arbores
614 3266 649 3329 et
670 3259 705 3328 in
732 3258 819 3329 vites
840 3257 1033 3331 oblectante
1056 3269 1239 3355 prospectu

230 3377 346 3450 oculos
364 3400 594 3470 amoenamus,
608 3381 763 3452 animum
777 3380 881 3453 simul
900 3392 935 3453 et
948 3377 1087 3454 auditus
1103 3379 1242 3453 instruit

231 3513 267 3572 et
287 3501 400 3597 pascit
424 3501 577 3595 obtutus,
603 3525 815 3600 quamquam
833 3503 896 3577 tibi
908 3503 981 3577 sola
998 3526 1091 3577 nuno
1116 3504 1238 3604 gratia,

233 3625 306 3697 sola
323 3648 408 3699 eura
428 3628 597 3700 sermonis
615 3640 739 3701 esta»

282 3751 333 3822 lta
356 3750 429 3822 fera
458 3749 611 3823 Tullius³
637 3765 711 3825 erat
731 3751 775 3826 de
792 3756 860 3827 rita
877 3753 1013 3827 loeutus
1029 3775 1133 3850 quam
1152 3752 1242 3826 mul·

271 4011 292 4056 t.
311 4005 400 4073 cypr..
412 4008 497 4071 apat.
512 4004 534 4067 1,
545 4020 582 4058 ιν.

269 4097 293 4140 a.
310 4092 393 4154 Epist.
406 4090 428 4151 l,
442 4103 462 4141 r.

269 4179 293 4224 3.
312 4177 350 4224 De
360 4176 504 4235 serectute,
523 4188 567 4225 xv.
