3300 5272
497 532 778 583 ossrnrcruisusrs
803 531 967 583 nesronu.
1166 514 1226 585 121

230 679 328 756 aequo
351 659 422 751 usi,
451 658 572 733 deinde
599 662 694 733 omni
724 657 861 733 diritate
888 668 994 757 atque
1018 653 1232 734 immanitate

229 782 444 858 tetermmum
463 782 640 857 christiani
657 782 860 857 habuerunt.
881 781 969 876 Sed,
989 805 1069 857 cum
1089 783 1230 881 inpare

227 917 362 980 versata
390 906 536 993 fuisset,
559 917 633 980 tum
660 907 833 980 intestinas
868 906 1100 980 contentiones
1133 918 1168 979 et
1193 907 1230 980 in

224 1029 346 1126 primis
370 1032 411 1103 de
437 1032 729 1126 Rcbcptizautibtu
760 1029 1007 1128 disputationes
1034 1030 1077 1104 de
1104 1031 1231 1128 quibus
1360 1103 1366 1111 .

225 1152 530 1246 diliasedicemus,
546 1178 620 1228 rem
629 1153 1232 1228 Ecclesiasticamvehementercon·
1298 1229 1305 1239 ,

227 1278 416 1353 turbarant.
433 1278 612 1352 Valeriano
631 1279 751 1377 igitur,
770 1279 1132 1369 circamundanum,
1154 1300 1231 1351 sese

227 1424 333 1500 quam
354 1405 582 1477 sanissimum
601 1403 789 1501 praebente,
809 1412 850 1476 ut
867 1426 1031 1500 magnum
1048 1424 1089 1474 ac
1105 1401 1231 1474 fortem

227 1524 392 1599 haberent
417 1527 570 1600 animum
604 1549 687 1600 suos
716 1526 907 1625 Cyprianus
931 1524 1075 1600 hortari.
1109 1524 1230 1598 Multis

227 1673 346 1749 ergoe
368 1652 475 1724 sacris
501 1648 678 1725 codicibus
701 1649 788 1724 locis
805 1650 856 1724 rei
876 1649 1112 1724 consentaneis
1129 1672 1231 1723 aecu-

226 1786 299 1848 rate
317 1774 481 1867 collectis,
493 1773 620 1848 librum
639 1774 833 1871 composuit
849 1797 945 1872 quo«
961 1772 1087 1846 milites
1104 1771 1231 1846 Christi

227 1895 271 1969 ad
295 1896 435 1970 coeleste
452 1909 488 1970 et
509 1896 661 1994 spiritale
683 1907 856 1971 certamen
881 1897 1048 1970 animaret
1063 1905 1125 1969 ¹.»
1151 1899 1230 1972 Non

226 2043 308 2094 sane
330 2019 436 2094 verba
453 2044 518 2094 sua
541 2022 613 2095 suis
629 2018 744 2111 tradit,
767 2019 828 2094 ssd
854 2019 1040 2118 «capitula
1055 2016 1230 2092 dominica

225 2143 397 2218 subnectit
418 2176 433 2212 ι
454 2144 581 2243 quibus
599 2146 744 2244 quisque
766 2169 867 2219 suam
883 2155 1015 2218 vestem
1031 2141 1226 2217 conficeret.

230 2296 244 2331 ι
265 2270 316 2341 Do
333 2271 445 2368 Agna,
462 2272 585 2368 inquit,
610 2293 795 2370 perquem
817 2268 986 2366 redempti
1006 2290 1047 2341 ac
1064 2265 1228 2339 vivificati

227 2414 361 2484 sumus,
383 2392 498 2466 lanam
512 2396 623 2492 ipsam
644 2406 679 2468 et
691 2416 881 2493 purpuram
902 2392 999 2485 misi3
1024 2414 1129 2488 quam
1148 2411 1229 2462 cum

227 2518 413 2613 acceperis,
428 2517 582 2591 tunicam
604 2517 667 2591 tibi
691 2516 952 2617 provoluntate
976 2513 1137 2588 conficies
1154 2523 1183 2583 ².
1209 2542 1223 2576 ι

274 2639 436 2713 Attamen
455 2664 536 2714 cum
552 2639 715 2715 edixisset
736 2643 925 2739 imperator
947 2661 991 2711 ne
1015 2637 1094 2734 quis
1121 2635 1229 2709 chris·

224 2762 355 2837 tianam
371 2764 476 2840 fidem
492 2766 607 2860 iniret,
631 2766 920 2865 Carthaginiensis
939 2765 1141 2863 episcopus,
1161 2763 1227 2833 Pa·

225 2897 323 2961 terno
344 2889 569 2988 proconsule,
589 2889 773 2965 Valeriano
796 2901 960 2988 quartum
988 2890 1180 2986 imperante
1193 2877 1223 2977 ³,

223 3012 318 3109 prior
329 3013 613 3112 comprehensus,
631 3017 898 3088 {aromatarium
912 3010 1078 3087 deductus
1093 3022 1157 3084 est.
1173 3007 1228 3083 Ad

224 3158 328 3232 quem
352 3161 433 3211 vero
454 3141 673 3238 magistratus
699 3139 755 3212 his
776 3163 862 3214 usus
877 3136 1045 3211 vocibust
1066 3166 1081 3201 ι
1104 3137 1226 3208 Sacra·

86 3255 90 3261 ’
223 3260 350 3334 tissimi
373 3261 596 3358 imperatores
622 3260 825 3336 Valerianus
845 3272 879 3336 et
902 3259 1076 3334 Gallienus
1096 3258 1227 3331 litteras

223 3381 267 3455 ad
280 3406 336 3457 me
351 3383 432 3459 dare
445 3384 576 3484 dignati
591 3397 686 3478 sunt,
699 3384 825 3483 quibus
837 3392 1075 3484 praeceperunt
1088 3404 1147 3454 eos
1165 3381 1227 3478 qui

223 3531 402 3583 romanam
412 3509 610 3608 religionem
625 3533 694 3582 non
708 3509 835 3597 colunt,
848 3508 973 3584 debere
990 3528 1149 3581 romanas
1163 3527 1227 3577 cae·

222 3633 384 3707 simonias
412 3656 666 3731 recognoscere.
699 3633 878 3731 Exquisivi
905 3656 987 3731 ergo
1016 3630 1060 3704 de
1085 3629 1225 3702 nomine

221 3769 294 3831 tuo.
315 3756 405 3845 Quid
421 3756 507 3831 mibi
520 3754 731 3855 respondes?
752 3789 766 3823 ι
787 3756 988 3831 Proconsuli
1001 3777 1084 3828 vero
1097 3753 1154 3851 qui
1170 3774 1225 3825 so-

254 4002 276 4049 1.
291 3996 677 4065 msscbcncttcsmarturtt
691 3996 806 4065 prat-,L

237 4090 285 4139 Δ..
295 4085 334 4134 De
342 4081 532 4135 Babortattaas
541 4086 677 4150 inertum,
692 4080 776 4151 prol..
788 4082 831 4135 lli.

253 4172 275 4217 a.
293 4168 368 4220 Anno
383 4167 497 4221 uctvu.
