3300 5272
521 432 671 494 usuali
701 434 871 496 FABULA
901 436 1053 498 cxvul.
1289 448 1341 498 23¹

230 593 306 656 bilia
338 593 389 658 dei
418 597 501 660 circa
530 597 679 661 homines
704 600 854 679 consilia,
888 598 962 664 licet
990 602 1104 685 injusta
1131 602 1249 689 ignaris
1278 623 1346 667 esse

230 715 409 782 videantur.

355 1595 561 1655 HIRUNDO
591 1592 788 1652 Juulcun
822 1590 1208 1654 conruussnnanrs.

271 2058 358 2145 Vaga
378 2056 537 2136 hirundo,
563 2057 735 2121 hominurn
757 2058 878 2138 vicina,
904 2080 978 2122 rere
1002 2079 1089 2122 novo
1107 2057 1220 2123 nidum
1236 2059 1347 2151 dispo-

176 2272 177 2276 *
224 2204 321 2267 nebat
336 2204 369 2266 in
386 2203 506 2291 pariete
522 2202 655 2283 domus3
672 2225 743 2291 quae
760 2202 876 2268 domus
895 2205 1057 2268 seniorum
1073 2220 1140 2269 erat
1151 2204 1311 2291 judicum.

269 2355 375 2440 Atque
390 2353 436 2417 ibi
449 2353 613 2442 pullorum
627 2353 665 2417 fit
680 2369 782 2418 mater
796 2368 1017 2441 septenorum.

268 2502 375 2585 Quos,
395 2502 639 2568 flavescentibus
664 2501 810 2566 nondum
836 2501 980 2590 pinnulis
1005 2501 1171 2585 florentes,
1187 2503 1343 2593 adrepens

225 2652 339 2739 anguis
358 2674 376 2715 e
391 2650 512 2715 latebra
526 2651 622 2739 coepit
637 2651 722 2714 vesci
739 2650 882 2740 singulos
897 2674 936 2715 ex
953 2651 1074 2716 ordine.

268 2805 327 2867 Ast
342 2803 464 2868 misella
482 2819 632 2868 natorum
655 2805 823 2869 immatura
848 2803 986 2870 deflebat
1008 2804 1088 2886 fata,
1111 2804 1201 2869 «Hei
1218 2805 1297 2868 mihi
1314 2809 1343 2869 u!

223 2949 334 3016 dicens
349 2975 357 3016 :
375 2952 465 3016 «heu
483 2951 586 3016 fatum
608 2953 697 3016 nasto
723 2954 847 3017 meum!
864 2951 930 3015 Ubi
947 2951 1033 3016 enim
1057 2952 1165 3040 vigent
1180 2952 1266 3040 leges
1283 2951 1343 3018 ho·

222 3131 235 3156 ι
249 3102 439 3189 minoraque
448 3104 537 3187 jura,
552 3101 643 3166 illinc
661 3101 803 3167 hirundo
821 3103 972 3187 injuriam
986 3124 1076 3191 passa
1090 3101 1173 3190 fugit
1185 3133 1206 3167 υ.

269 3350 305 3411 ln
318 3348 443 3435 judices
460 3350 616 3430 narratio,
633 3351 689 3437 qni
704 3373 802 3438 quum
825 3352 886 3414 reis
903 3366 1023 3440 queant
1039 3350 1221 3414 insontibus
1236 3350 1341 3438 opitu·

220 3502 299 3582 lari,
330 3501 393 3566 illis
420 3516 531 3564 contra
555 3501 601 3564 fas
628 3503 790 3589 oppressis
814 3525 832 3564 a
861 3502 1097 3589 potentioribus
1125 3501 1170 3565 nil
1197 3499 1342 3588 praebent

221 3650 337 3714 auxilii.

223 4061 309 4098 versus
328 4049 458 4110 eonstitui,
477 4049 519 4100 tud
536 4063 610 4114 quum
629 4049 752 4101 debiliter!
838 4058 865 4102 ln
887 4052 1062 4102 affabulatione
1081 4057 1111 4113 Δ,
1131 4052 1268 4108 τούτους...
1293 4051 1343 4102 ἀδι-

224 4129 319 4179 Poetioe
350 4130 426 4192 magis
458 4130 558 4195 mansi,
582 4131 608 4180 et
626 4131 752 4181 verissime
805 4134 940 4195 κουμλνους.
951 4130 1098 4182 Permutatio
1109 4132 1147 4182 est
1163 4130 1234 4181 solita
1246 4129 1340 4194 finium,

221 4208 305 4270 etiam,
322 4208 348 4259 ni
360 4209 438 4271 fallor,
453 4209 566 4272 θέμιστες.
805 4214 904 4274 propter
912 4208 1063 4272 compendia.
