3300 5272
483 496 488 507 '
536 521 663 571 siamus
689 520 729 568 nr
757 520 911 570 unimus.
1187 499 1233 570 ‘27

222 651 382 726 omnibus
408 663 444 724 et
459 651 566 723 maris
586 661 622 721 et
652 660 754 722 terra
782 647 908 744 opibus
935 646 1133 722 abundabat
1153 652 1231 722 ’.Ε

222 777 328 851 ruinis
342 776 460 850 forsan
480 798 522 848 es
539 772 623 848 olim
642 784 740 847 eruet
755 775 816 870 qui
834 779 907 871 jam
928 773 965 845 in
982 772 1099 847 lumen
1125 772 1235 847 multa

223 901 374 975 restituit
399 901 454 974 vir
474 899 694 973 doetissimus
714 909 817 996 atquo
841 896 1184 971 munificentissimus
1203 907 1234 968 ².

236 1092 238 1096 ,
271 1024 474 1100 Rhetoricae
482 1025 612 1098 interea
622 1021 772 1121 publiea}
786 1021 914 1096 soboles
934 1023 1155 1119 potissimum
1175 1020 1238 1094 ilo·

227 1149 359 1240 rebant,
381 1158 528 1246 quarum
542 1147 588 1221 ab
606 1147 704 1221 ostiis
723 1145 909 1220 candidum
928 1143 1103 1245 pendebat
1119 1143 1238 1219 selum

225 1271 319 1372 quod
329 1282 509 1372 poetarum
522 1271 650 1346 fabulis
661 1273 789 1369 sapius
802 1270 920 1368 obtegi
930 1292 1015 1343 vera
1024 1268 1237 1345 declarabat.
1275 1263 1285 1287 “

225 1400 318 1475 Nam
330 1395 423 1496 apud
435 1397 552 1488 Ainos,
568 1398 619 1469 uti
631 1395 741 1469 refert
752 1393 996 1486 Tertullianus,
1008 1392 1239 1491 philosophie

226 1545 268 1596 aa
294 1521 464 1596 bonmnm
485 1521 613 1594 mtium
636 1518 749 1593 studia
768 1519 923 1592 maximo
950 1514 1147 1616 gaudebant
1173 1517 1239 1590 bo·

226 1670 311 1721 nore
330 1645 361 1718 ³.
396 1648 443 1719 At
469 1643 712 1743 ludimagistri,
735 1641 830 1716 velut
858 1643 975 1716 uocari
998 1640 1170 1734 solebant,
1198 1665 1240 1716 ae

227 1771 346 1844 caeteri
366 1762 730 1844 litterarum'amantes
754 1768 846 1841 inter
862 1766 968 1841 Afros
987 1769 1077 1841 aient
1096 1779 1131 1840 et
1149 1769 1241 1842 inter

228 1896 368 1969 Grecos
384 1905 421 1966 et
432 1895 521 1967 inter
537 1897 714 1967 Romanos
729 1913 937 1989 magnopere
950 1892 1076 1966 ritibus
1090 1893 1240 1988 antiquis

229 2031 326 2091 erant
337 2016 477 2091 addicti.
491 2019 582 2107 Quin
592 2017 663 2090 imo
672 2015 817 2115 quilibet
825 2015 1063 2115 ludimagister
1075 2018 1111 2088 in
1123 2015 1241 2090 schola

230 2142 456 2218 suehabebat
467 2142 623 2217 tabulam
633 2166 696 2215 seu
710 2141 914 2214 laterculum
926 2151 1058 2238 septem
1071 2138 1240 2214 idolerum

229 2267 363 2366 quibus
382 2279 516 2366 septem
534 2267 680 2365 planetae
704 2264 892 2364 significari
912 2263 1134 2338 arbitrantur.
1166 2268 1244 2354 Qua

231 2390 379 2463 fortasse
403 2387 517 2486 figura
540 2385 756 2462 docebantur
776 2387 860 2484 quid
886 2408 1024 2483 quaque
1054 2386 1109 2458 die
1130 2388 1244 2460 acturi

230 2525 346 2587 essent
377 2512 537 2610 discipali
556 2518 586 2585 ⁴.
623 2513 778 2611 Septima
803 2521 878 2586 erat
910 2512 981 2584 otio
1014 2509 1117 2602 data3
1145 2523 1242 2584 sexta

229 2661 305 2712 mos
334 2651 411 2712 erut
434 2660 512 2737 quaa
533 2649 607 2710 tota
632 2634 850 2710 hebdomada
873 2635 929 2709 vel
955 2636 1160 2711 audiuerant
1186 2635 1245 2710 vel·

230 2763 453 2860 seripserunt,
476 2772 630 2859 repetere
651 2783 692 2833 aa
716 2761 814 2857 quasi
833 2781 1057 2858 congregare,
1074 2759 1163 2835 unde
1181 2763 1243 2834 lu·

230 2887 361 2961 venulis
371 2886 447 2960 bae
456 2892 530 2983 jam
544 2884 696 2959 habebat
713 2913 722 2956 r

370 3089 416 3149 llil
428 3089 492 3148 salit
504 3087 638 3146 Arcadico
647 3087 752 3160 juveni,
767 3088 846 3162 eujus
859 3087 928 3144 milri
941 3094 1017 3145 serta

371 3179 487 3250 Quaque
500 3175 545 3234 die
558 3175 691 3233 miserum
705 3173 779 3233 dirus
793 3184 876 3248 caput
888 3174 1008 3232 Annibal
1022 3175 1127 3248 implet.

263 3401 285 3446 t.
302 3392 401 3447 vietor.
410 3390 478 3458 vit„
489 3395 560 3445 dist.
568 3403 670 3460 perses.
686 3392 782 3456 vead„
793 3405 820 3460 p.
837 3398 862 3444 b.

261 3485 288 3530 r.
305 3474 382 3530 conl.
393 3473 484 3542 mule,
495 3475 611 3529 loumol
622 3475 670 3528 dar
680 3478 806 3538 surmate,
821 3478 974 3528 lass-18⁰0.

260 3574 285 3622 3.
301 3567 378 3622 conl.
398 3565 508 3636 Apuleii
519 3567 622 3620 Flortd.
634 3565 690 3619 XX.
715 3588 728 3614 ι
741 3567 806 3630 Quas
817 3569 904 3635 major
916 3565 976 3620 laus
991 3571 1040 3620 aut
1051 3567 1147 3621 certior
1162 3581 1244 3636 qnam

226 3647 543 3721 (nrtbnglnibenediosrs
555 3648 603 3702 ubi
622 3653 679 3704 tota
695 3648 789 3704 civitas
806 3649 979 3704 eruditissimi
990 3650 1063 3717 estis,
1084 3665 1164 3720 penes
1176 3665 1244 3720 quos

227 3749 335 3790 omnam
348 3733 520 3806 disciplinam
531 3733 609 3805 pueri
618 3733 741 3802 diseunt,
758 3735 870 3805 iuvenes
882 3739 1030 3800 estonum,
1046 3749 1122 3789 unes
1132 3734 1244 3790 dotent.⁰

228 3818 354 3889 Fartbago
377 3818 522 3889 provincia
543 3822 637 3873 nostras
655 3819 784 3888 magistra
798 3818 972 3884 venerabilis,
1001 3819 1130 3889 ambago
1151 3820 1243 3874 Airita

229 3916 307 3957 musa
321 3901 448 3970 eoelestis,
465 3900 593 3972 carthago
605 3916 723 3956 mnne
734 3906 894 3972 togatorum.
908 3923 923 3950 s
940 3900 1005 3956 vide
1015 3905 1042 3954 et
1053 3902 1157 3955 Ftorld
1170 3902 1206 3955 lx
1218 3906 1244 3954 at

230 3985 332 4038 Florld.
345 3985 434 4039 xllll.
569 4020 574 4029 -

265 4074 290 4120 t.
307 4067 475 4136 Tertullien„
496 4070 531 4124 de
542 4071 622 4137 raab,
635 4072 669 4125 X.
695 4091 706 4118 ι
720 4070 787 4135 Quis
802 4069 989 4138 ludimagister
1006 4069 1065 4123 sins
1077 4067 1169 4125 tabula
1184 4083 1243 4138 ssp-

232 4158 286 4208 tem
296 4153 448 4208 idolerum?
464 4177 476 4203 s
490 4156 566 4209 conl.
579 4155 727 4211 doctissimi
737 4154 846 4223 Rigaltii
858 4153 1092 4209 commentarium.
