<?xml version="1.0" encoding="UTF-8"?>
<!DOCTYPE html PUBLIC "-//W3C//DTD XHTML 1.0 Transitional//EN"
    "http://www.w3.org/TR/xhtml1/DTD/xhtml1-transitional.dtd">
<html xmlns="http://www.w3.org/1999/xhtml" xml:lang="en" lang="en">
 <head>
  <title>
</title>
<meta http-equiv="Content-Type" content="text/html;charset=utf-8" />
  <meta name='ocr-system' content='tesseract 3.04.00' />
  <meta name='ocr-capabilities' content='ocr_page ocr_carea ocr_par ocr_line ocrx_word'/>
</head>
<body>
  <div class='ocr_page' id='page_1' title='image "./desanctocyprian00blamgoog_0472.png"; bbox 0 0 3300 5272; ppageno 0'>
   <div class='ocr_carea' id='block_1_1' title="bbox 336 599 1030 675">
    <p class='ocr_par' dir='ltr' id='par_1_1' title="bbox 336 599 1030 675">
     <span class='ocr_line' id='line_1_1' title="bbox 336 599 1030 675; baseline 0.01 -7"><span class='ocrx_word' id='word_1_1' title='bbox 336 599 402 669; x_wconf 84' lang='lat'><strong>150</strong></span> <span class='ocrx_word' id='word_1_2' title='bbox 642 622 787 673; x_wconf 77' lang='lat' dir='ltr'><strong>curritur</strong></span> <span class='ocrx_word' id='word_1_3' title='bbox 812 623 852 672; x_wconf 85' lang='lat' dir='ltr'><strong>nr</strong></span> <span class='ocrx_word' id='word_1_4' title='bbox 874 624 1030 675; x_wconf 82' lang='lat' dir='ltr'><strong>nocrnrm</strong></span> 
     </span>
    </p>
   </div>
   <div class='ocr_carea' id='block_1_2' title="bbox 326 752 1343 1351">
    <p class='ocr_par' dir='ltr' id='par_1_2' title="bbox 326 752 1343 1351">
     <span class='ocr_line' id='line_1_2' title="bbox 329 752 1343 850; baseline 0.01 -28"><span class='ocrx_word' id='word_1_5' title='bbox 329 762 512 840; x_wconf 80' lang='lat' dir='ltr'><strong>nutrimur,</strong></span> <span class='ocrx_word' id='word_1_6' title='bbox 534 753 658 850; x_wconf 90' lang='lat' dir='ltr'><strong>spiritu</strong></span> <span class='ocrx_word' id='word_1_7' title='bbox 672 758 746 850; x_wconf 90' lang='lat' dir='ltr'><strong>ojus</strong></span> <span class='ocrx_word' id='word_1_8' title='bbox 759 752 956 826; x_wconf 84' lang='lat' dir='ltr'><strong>animamur</strong></span> <span class='ocrx_word' id='word_1_9' title='bbox 972 764 998 826; x_wconf 87' lang='lat'><strong>¹.</strong></span> <span class='ocrx_word' id='word_1_10' title='bbox 1021 787 1033 818; x_wconf 76' lang='grc' dir='ltr'><strong>ιι</strong></span> <span class='ocrx_word' id='word_1_11' title='bbox 1051 796 1099 809; x_wconf 90' lang='lat'><em>-</em></span> <span class='ocrx_word' id='word_1_12' title='bbox 1112 756 1279 832; x_wconf 68' lang='lat' dir='ltr'><strong>Ecclesiae</strong></span> <span class='ocrx_word' id='word_1_13' title='bbox 1294 761 1343 831; x_wconf 93' lang='lat' dir='ltr'><strong>ni·</strong></span> 
     </span>
     <span class='ocr_line' id='line_1_3' title="bbox 327 875 1340 976; baseline 0.01 -28"><span class='ocrx_word' id='word_1_14' title='bbox 327 875 455 949; x_wconf 91' lang='lat' dir='ltr'><strong>mirum</strong></span> <span class='ocrx_word' id='word_1_15' title='bbox 494 875 757 967; x_wconf 71' lang='lat' dir='ltr'><strong>institutionem,</strong></span> <span class='ocrx_word' id='word_1_16' title='bbox 778 875 1019 976; x_wconf 85' lang='lat' dir='ltr'><strong>disciplinam,</strong></span> <span class='ocrx_word' id='word_1_17' title='bbox 1064 876 1340 959; x_wconf 70' lang='lat' dir='ltr'><strong>distributionem</strong></span> 
     </span>
     <span class='ocr_line' id='line_1_4' title="bbox 326 999 1341 1105; baseline 0.009 -32"><span class='ocrx_word' id='word_1_18' title='bbox 326 999 426 1098; x_wconf 91' lang='lat' dir='ltr'><strong>plene</strong></span> <span class='ocrx_word' id='word_1_19' title='bbox 452 1000 699 1099; x_wconf 83' lang='lat' dir='ltr'><strong>explicaturus,</strong></span> <span class='ocrx_word' id='word_1_20' title='bbox 738 1005 976 1102; x_wconf 83' lang='lat' dir='ltr'><strong>episcopatus,</strong></span> <span class='ocrx_word' id='word_1_21' title='bbox 1013 1007 1137 1105; x_wconf 90' lang='lat' dir='ltr'><strong>inquit,</strong></span> <span class='ocrx_word' id='word_1_22' title='bbox 1168 1032 1258 1081; x_wconf 89' lang='lat' dir='ltr'><strong>unus</strong></span> <span class='ocrx_word' id='word_1_23' title='bbox 1288 1024 1341 1082; x_wconf 91' lang='lat' dir='ltr'><strong>est</strong></span> 
     </span>
     <span class='ocr_line' id='line_1_5' title="bbox 331 1125 1340 1227; baseline 0.008 -30"><span class='ocrx_word' id='word_1_24' title='bbox 331 1158 344 1189; x_wconf 74' lang='grc' dir='ltr'><strong>α</strong></span> <span class='ocrx_word' id='word_1_25' title='bbox 368 1132 465 1223; x_wconf 76' lang='lat' dir='ltr'><strong>quus</strong></span> <span class='ocrx_word' id='word_1_26' title='bbox 486 1149 507 1198; x_wconf 88' lang='lat' dir='ltr'><strong>a</strong></span> <span class='ocrx_word' id='word_1_27' title='bbox 525 1125 669 1225; x_wconf 78' lang='lat' dir='ltr'><strong>singulis</strong></span> <span class='ocrx_word' id='word_1_28' title='bbox 686 1127 722 1200; x_wconf 93' lang='lat' dir='ltr'><strong>in</strong></span> <span class='ocrx_word' id='word_1_29' title='bbox 748 1127 897 1202; x_wconf 87' lang='lat' dir='ltr'><strong>solidum</strong></span> <span class='ocrx_word' id='word_1_30' title='bbox 922 1153 1004 1227; x_wconf 91' lang='lat' dir='ltr'><strong>pars</strong></span> <span class='ocrx_word' id='word_1_31' title='bbox 1024 1143 1173 1207; x_wconf 87' lang='lat' dir='ltr'><strong>tenetur.</strong></span> <span class='ocrx_word' id='word_1_32' title='bbox 1195 1166 1210 1199; x_wconf 79' lang='grc' dir='ltr'>ι</span> <span class='ocrx_word' id='word_1_33' title='bbox 1238 1136 1288 1206; x_wconf 83' lang='lat' dir='ltr'><strong>ltu</strong></span> <span class='ocrx_word' id='word_1_34' title='bbox 1305 1144 1340 1207; x_wconf 91' lang='lat' dir='ltr'><strong>et</strong></span> 
     </span>
     <span class='ocr_line' id='line_1_6' title="bbox 327 1240 1340 1351; baseline 0.007 -26"><span class='ocrx_word' id='word_1_35' title='bbox 327 1252 481 1325; x_wconf 85' lang='lat' dir='ltr'><strong>Ecclesia</strong></span> <span class='ocrx_word' id='word_1_36' title='bbox 495 1277 563 1327; x_wconf 85' lang='lat' dir='ltr'><strong>una</strong></span> <span class='ocrx_word' id='word_1_37' title='bbox 584 1240 637 1326; x_wconf 84' lang='lat' dir='ltr'><strong>cst</strong></span> <span class='ocrx_word' id='word_1_38' title='bbox 653 1277 730 1351; x_wconf 68' lang='lat' dir='ltr'><strong>quse</strong></span> <span class='ocrx_word' id='word_1_39' title='bbox 753 1286 766 1320; x_wconf 74' lang='grc' dir='ltr'><strong>α</strong></span> <span class='ocrx_word' id='word_1_40' title='bbox 790 1258 826 1328; x_wconf 92' lang='lat' dir='ltr'><strong>in</strong></span> <span class='ocrx_word' id='word_1_41' title='bbox 839 1255 1093 1333; x_wconf 87' lang='lat' dir='ltr'><strong>multitudinem</strong></span> <span class='ocrx_word' id='word_1_42' title='bbox 1107 1259 1210 1334; x_wconf 91' lang='lat' dir='ltr'><strong>latius</strong></span> <span class='ocrx_word' id='word_1_43' title='bbox 1229 1262 1340 1333; x_wconf 89' lang='lat' dir='ltr'><strong>incre·</strong></span> 
     </span>
    </p>
   </div>
   <div class='ocr_carea' id='block_1_3' title="bbox 314 1375 1405 4093">
    <p class='ocr_par' dir='ltr' id='par_1_3' title="bbox 319 1375 1339 2475">
     <span class='ocr_line' id='line_1_7' title="bbox 325 1375 1338 1481; baseline 0.007 -31"><span class='ocrx_word' id='word_1_44' title='bbox 325 1388 440 1450; x_wconf 89' lang='lat' dir='ltr'><strong>mento</strong></span> <span class='ocrx_word' id='word_1_45' title='bbox 453 1375 927 1454; x_wconf 60' lang='lat' dir='ltr'><strong>iucunditatisextendituv.</strong></span> <span class='ocrx_word' id='word_1_46' title='bbox 948 1414 960 1448; x_wconf 75' lang='grc' dir='ltr'>ι</span> <span class='ocrx_word' id='word_1_47' title='bbox 977 1384 1012 1454; x_wconf 93' lang='lat' dir='ltr'><strong>ln</strong></span> <span class='ocrx_word' id='word_1_48' title='bbox 1027 1396 1171 1481; x_wconf 89' lang='lat' dir='ltr'><strong>utroque</strong></span> <span class='ocrx_word' id='word_1_49' title='bbox 1190 1408 1285 1476; x_wconf 84' lang='lat' dir='ltr'><strong>sanc,</strong></span> <span class='ocrx_word' id='word_1_50' title='bbox 1302 1386 1338 1457; x_wconf 92' lang='lat' dir='ltr'><strong>in</strong></span> 
     </span>
     <span class='ocr_line' id='line_1_8' title="bbox 324 1503 1338 1605; baseline 0.004 -29"><span class='ocrx_word' id='word_1_51' title='bbox 324 1503 505 1576; x_wconf 88' lang='lat' dir='ltr'><strong>Bossuctio</strong></span> <span class='ocrx_word' id='word_1_52' title='bbox 526 1514 645 1575; x_wconf 89' lang='lat' dir='ltr'><strong>nostro</strong></span> <span class='ocrx_word' id='word_1_53' title='bbox 662 1504 799 1602; x_wconf 79' lang='lat' dir='ltr'><strong>egregio</strong></span> <span class='ocrx_word' id='word_1_54' title='bbox 820 1518 925 1603; x_wconf 88' lang='lat' dir='ltr'><strong>atque</strong></span> <span class='ocrx_word' id='word_1_55' title='bbox 940 1506 976 1579; x_wconf 92' lang='lat' dir='ltr'><strong>in</strong></span> <span class='ocrx_word' id='word_1_56' title='bbox 999 1508 1184 1604; x_wconf 85' lang='lat' dir='ltr'><strong>Cypriano,</strong></span> <span class='ocrx_word' id='word_1_57' title='bbox 1204 1508 1265 1605; x_wconf 91' lang='lat' dir='ltr'><strong>qui</strong></span> <span class='ocrx_word' id='word_1_58' title='bbox 1286 1524 1338 1580; x_wconf 87' lang='lat' dir='ltr'><strong>ta·</strong></span> 
     </span>
     <span class='ocr_line' id='line_1_9' title="bbox 325 1628 1339 1728; baseline 0.003 -26"><span class='ocrx_word' id='word_1_59' title='bbox 325 1640 452 1702; x_wconf 88' lang='lat' dir='ltr'><strong>menet</strong></span> <span class='ocrx_word' id='word_1_60' title='bbox 465 1628 551 1701; x_wconf 90' lang='lat' dir='ltr'><strong>coelo</strong></span> <span class='ocrx_word' id='word_1_61' title='bbox 565 1639 600 1700; x_wconf 88' lang='lat' dir='ltr'><strong>et</strong></span> <span class='ocrx_word' id='word_1_62' title='bbox 615 1641 772 1726; x_wconf 88' lang='lat' dir='ltr'><strong>tempore</strong></span> <span class='ocrx_word' id='word_1_63' title='bbox 784 1628 985 1728; x_wconf 83' lang='lat' dir='ltr'><strong>longissime</strong></span> <span class='ocrx_word' id='word_1_64' title='bbox 1001 1628 1143 1720; x_wconf 91' lang='lat' dir='ltr'><strong>distant,</strong></span> <span class='ocrx_word' id='word_1_65' title='bbox 1157 1628 1250 1705; x_wconf 89' lang='lat' dir='ltr'><strong>idem</strong></span> <span class='ocrx_word' id='word_1_66' title='bbox 1264 1644 1339 1706; x_wconf 88' lang='lat' dir='ltr'><strong>stn-</strong></span> 
     </span>
     <span class='ocr_line' id='line_1_10' title="bbox 325 1749 1338 1852; baseline 0 -25"><span class='ocrx_word' id='word_1_67' title='bbox 325 1753 432 1842; x_wconf 90' lang='lat' dir='ltr'><strong>dium,</strong></span> <span class='ocrx_word' id='word_1_68' title='bbox 451 1751 555 1825; x_wconf 85' lang='lat' dir='ltr'><strong>iidem</strong></span> <span class='ocrx_word' id='word_1_69' title='bbox 578 1774 713 1839; x_wconf 86' lang='lat' dir='ltr'><strong>sensus,</strong></span> <span class='ocrx_word' id='word_1_70' title='bbox 740 1749 871 1826; x_wconf 76' lang='lat' dir='ltr'><strong>eadem</strong></span> <span class='ocrx_word' id='word_1_71' title='bbox 892 1754 1031 1852; x_wconf 80' lang='lat' dir='ltr'><strong>ligurae3</strong></span> <span class='ocrx_word' id='word_1_72' title='bbox 1050 1756 1084 1827; x_wconf 91' lang='lat' dir='ltr'><strong>in</strong></span> <span class='ocrx_word' id='word_1_73' title='bbox 1110 1765 1257 1852; x_wconf 89' lang='lat' dir='ltr'><strong>utroque</strong></span> <span class='ocrx_word' id='word_1_74' title='bbox 1281 1778 1338 1827; x_wconf 78' lang='lat' dir='ltr'><strong>eo</strong></span> 
     </span>
     <span class='ocr_line' id='line_1_11' title="bbox 323 1877 1335 1978; baseline 0 -25"><span class='ocrx_word' id='word_1_75' title='bbox 323 1877 481 1953; x_wconf 86' lang='lat' dir='ltr'><strong>rumdem</strong></span> <span class='ocrx_word' id='word_1_76' title='bbox 495 1902 513 1951; x_wconf 91' lang='lat' dir='ltr'><strong>e</strong></span> <span class='ocrx_word' id='word_1_77' title='bbox 528 1880 637 1951; x_wconf 91' lang='lat' dir='ltr'><strong>sacris</strong></span> <span class='ocrx_word' id='word_1_78' title='bbox 652 1878 748 1953; x_wconf 90' lang='lat' dir='ltr'><strong>libris</strong></span> <span class='ocrx_word' id='word_1_79' title='bbox 765 1879 920 1954; x_wconf 90' lang='lat' dir='ltr'><strong>locorum</strong></span> <span class='ocrx_word' id='word_1_80' title='bbox 936 1878 1157 1977; x_wconf 85' lang='lat' dir='ltr'><strong>prolationes.</strong></span> <span class='ocrx_word' id='word_1_81' title='bbox 1174 1883 1221 1952; x_wconf 80' lang='lat' dir='ltr'><strong>Ar</strong></span> <span class='ocrx_word' id='word_1_82' title='bbox 1233 1880 1335 1978; x_wconf 86' lang='lat' dir='ltr'><strong>hujus</strong></span> 
     </span>
     <span class='ocr_line' id='line_1_12' title="bbox 323 2002 1335 2103; baseline 0 -26"><span class='ocrx_word' id='word_1_83' title='bbox 323 2004 534 2103; x_wconf 79' lang='lat' dir='ltr'><strong>argumentis</strong></span> <span class='ocrx_word' id='word_1_84' title='bbox 554 2027 596 2076; x_wconf 86' lang='lat' dir='ltr'><strong>ac</strong></span> <span class='ocrx_word' id='word_1_85' title='bbox 613 2004 792 2077; x_wconf 86' lang='lat' dir='ltr'><strong>sententiis</strong></span> <span class='ocrx_word' id='word_1_86' title='bbox 808 2003 866 2077; x_wconf 90' lang='lat' dir='ltr'><strong>ille</strong></span> <span class='ocrx_word' id='word_1_87' title='bbox 885 2004 1066 2102; x_wconf 81' lang='lat' dir='ltr'><strong>magnifico</strong></span> <span class='ocrx_word' id='word_1_88' title='bbox 1087 2002 1229 2090; x_wconf 87' lang='lat' dir='ltr'><strong>addidit,</strong></span> <span class='ocrx_word' id='word_1_89' title='bbox 1247 2028 1335 2101; x_wconf 82' lang='lat' dir='ltr'><strong>prae·</strong></span> 
     </span>
     <span class='ocr_line' id='line_1_13' title="bbox 322 2126 1334 2225; baseline 0 -23"><span class='ocrx_word' id='word_1_90' title='bbox 322 2128 553 2202; x_wconf 89' lang='lat' dir='ltr'><strong>stantissirnus</strong></span> <span class='ocrx_word' id='word_1_91' title='bbox 567 2141 694 2218; x_wconf 87' lang='lat' dir='ltr'><strong>orator,</strong></span> <span class='ocrx_word' id='word_1_92' title='bbox 710 2126 961 2225; x_wconf 91' lang='lat' dir='ltr'><strong>amplissimam</strong></span> <span class='ocrx_word' id='word_1_93' title='bbox 979 2127 1133 2202; x_wconf 76' lang='lat' dir='ltr'><strong>historias</strong></span> <span class='ocrx_word' id='word_1_94' title='bbox 1147 2129 1334 2202; x_wconf 85' lang='lat' dir='ltr'><strong>auctorita·</strong></span> 
     </span>
     <span class='ocr_line' id='line_1_14' title="bbox 321 2251 1332 2349; baseline 0 -24"><span class='ocrx_word' id='word_1_95' title='bbox 321 2265 405 2343; x_wconf 88' lang='lat' dir='ltr'><strong>tem,</strong></span> <span class='ocrx_word' id='word_1_96' title='bbox 425 2263 528 2348; x_wconf 81' lang='lat' dir='ltr'><strong>atque</strong></span> <span class='ocrx_word' id='word_1_97' title='bbox 561 2273 738 2324; x_wconf 86' lang='lat' dir='ltr'><strong>sacrorum</strong></span> <span class='ocrx_word' id='word_1_98' title='bbox 771 2263 910 2349; x_wconf 85' lang='lat' dir='ltr'><strong>patrum</strong></span> <span class='ocrx_word' id='word_1_99' title='bbox 941 2251 1066 2324; x_wconf 89' lang='lat' dir='ltr'><strong>seriem</strong></span> <span class='ocrx_word' id='word_1_100' title='bbox 1084 2254 1332 2342; x_wconf 88' lang='lat' dir='ltr'><strong>continentem,</strong></span> 
     </span>
     <span class='ocr_line' id='line_1_15' title="bbox 319 2374 979 2475; baseline -0.008 -23"><span class='ocrx_word' id='word_1_101' title='bbox 319 2379 410 2452; x_wconf 82' lang='lat' dir='ltr'><strong>inter</strong></span> <span class='ocrx_word' id='word_1_102' title='bbox 427 2399 515 2475; x_wconf 88' lang='lat' dir='ltr'><strong>quos</strong></span> <span class='ocrx_word' id='word_1_103' title='bbox 532 2375 590 2449; x_wconf 88' lang='lat' dir='ltr'><strong>hie</strong></span> <span class='ocrx_word' id='word_1_104' title='bbox 606 2374 795 2449; x_wconf 90' lang='lat' dir='ltr'><strong>clarissime</strong></span> <span class='ocrx_word' id='word_1_105' title='bbox 810 2375 979 2473; x_wconf 89' lang='lat' dir='ltr'><strong>splendet.</strong></span> 
     </span>
    </p>

    <p class='ocr_par' dir='ltr' id='par_1_4' title="bbox 314 2499 1405 4093">
     <span class='ocr_line' id='line_1_16' title="bbox 367 2499 1335 2598; baseline -0.002 -22"><span class='ocrx_word' id='word_1_106' title='bbox 367 2505 456 2576; x_wconf 81' lang='lat' dir='ltr'><strong>Duae</strong></span> <span class='ocrx_word' id='word_1_107' title='bbox 468 2524 551 2576; x_wconf 77' lang='lat' dir='ltr'><strong>nero</strong></span> <span class='ocrx_word' id='word_1_108' title='bbox 567 2524 623 2574; x_wconf 90' lang='lat' dir='ltr'><strong>res</strong></span> <span class='ocrx_word' id='word_1_109' title='bbox 638 2523 716 2598; x_wconf 84' lang='lat' dir='ltr'><strong>quae</strong></span> <span class='ocrx_word' id='word_1_110' title='bbox 732 2507 804 2598; x_wconf 85' lang='lat' dir='ltr'><strong>ejus</strong></span> <span class='ocrx_word' id='word_1_111' title='bbox 821 2513 895 2574; x_wconf 93' lang='lat' dir='ltr'><strong>tum</strong></span> <span class='ocrx_word' id='word_1_112' title='bbox 920 2500 956 2574; x_wconf 93' lang='lat' dir='ltr'><strong>in</strong></span> <span class='ocrx_word' id='word_1_113' title='bbox 979 2499 1148 2593; x_wconf 88' lang='lat' dir='ltr'><strong>doctrina,</strong></span> <span class='ocrx_word' id='word_1_114' title='bbox 1171 2513 1246 2575; x_wconf 92' lang='lat' dir='ltr'><strong>tum</strong></span> <span class='ocrx_word' id='word_1_115' title='bbox 1262 2502 1335 2575; x_wconf 73' lang='lat' dir='ltr'><strong>vita</strong></span> 
     </span>
     <span class='ocr_line' id='line_1_17' title="bbox 319 2625 1330 2726; baseline -0.001 -23"><span class='ocrx_word' id='word_1_116' title='bbox 319 2631 484 2719; x_wconf 87' lang='lat' dir='ltr'><strong>eminent,</strong></span> <span class='ocrx_word' id='word_1_117' title='bbox 500 2626 629 2701; x_wconf 83' lang='lat' dir='ltr'><strong>caedem</strong></span> <span class='ocrx_word' id='word_1_118' title='bbox 650 2629 805 2699; x_wconf 90' lang='lat' dir='ltr'><strong>eminent</strong></span> <span class='ocrx_word' id='word_1_119' title='bbox 817 2627 853 2699; x_wconf 93' lang='lat' dir='ltr'><strong>in</strong></span> <span class='ocrx_word' id='word_1_120' title='bbox 867 2625 1004 2701; x_wconf 90' lang='lat' dir='ltr'><strong>dicendi</strong></span> <span class='ocrx_word' id='word_1_121' title='bbox 1018 2628 1165 2712; x_wconf 85' lang='lat' dir='ltr'><strong>ratione,</strong></span> <span class='ocrx_word' id='word_1_122' title='bbox 1181 2626 1330 2726; x_wconf 87' lang='lat' dir='ltr'><strong>pruden-</strong></span> 
     </span>
     <span class='ocr_line' id='line_1_18' title="bbox 319 2750 1332 2872; baseline -0.003 -42"><span class='ocrx_word' id='word_1_123' title='bbox 319 2759 403 2831; x_wconf 88' lang='lat' dir='ltr'><strong>tiam</strong></span> <span class='ocrx_word' id='word_1_124' title='bbox 417 2753 494 2829; x_wconf 87' lang='lat' dir='ltr'><strong>dico</strong></span> <span class='ocrx_word' id='word_1_125' title='bbox 509 2767 612 2851; x_wconf 89' lang='lat' dir='ltr'><strong>atque</strong></span> <span class='ocrx_word' id='word_1_126' title='bbox 626 2750 912 2828; x_wconf 89' lang='lat' dir='ltr'><strong>moderationem.</strong></span> <span class='ocrx_word' id='word_1_127' title='bbox 931 2753 1108 2828; x_wconf 84' lang='lat' dir='ltr'><strong>Prioribus</strong></span> <span class='ocrx_word' id='word_1_128' title='bbox 1123 2756 1202 2829; x_wconf 90' lang='lat' dir='ltr'><strong>licet</strong></span> <span class='ocrx_word' id='word_1_129' title='bbox 1212 2755 1332 2872; x_wconf 80' lang='lat' dir='ltr'><strong>iorssp</strong></span> 
     </span>
     <span class='ocr_line' id='line_1_19' title="bbox 320 2877 1333 2977; baseline 0.002 -26"><span class='ocrx_word' id='word_1_130' title='bbox 320 2878 462 2953; x_wconf 88' lang='lat' dir='ltr'><strong>inlibris</strong></span> <span class='ocrx_word' id='word_1_131' title='bbox 480 2877 627 2952; x_wconf 85' lang='lat' dir='ltr'><strong>rhetoris</strong></span> <span class='ocrx_word' id='word_1_132' title='bbox 640 2878 824 2953; x_wconf 84' lang='lat' dir='ltr'><strong>artificium</strong></span> <span class='ocrx_word' id='word_1_133' title='bbox 839 2880 947 2953; x_wconf 89' lang='lat' dir='ltr'><strong>nimis&#39;</strong></span> <span class='ocrx_word' id='word_1_134' title='bbox 967 2892 1144 2977; x_wconf 84' lang='lat' dir='ltr'><strong>appareat,</strong></span> <span class='ocrx_word' id='word_1_135' title='bbox 1161 2878 1230 2952; x_wconf 88' lang='lat' dir='ltr'><strong>alio</strong></span> <span class='ocrx_word' id='word_1_136' title='bbox 1247 2902 1333 2976; x_wconf 93' lang='lat' dir='ltr'><strong>quo-</strong></span> 
     </span>
     <span class='ocr_line' id='line_1_20' title="bbox 318 3003 1328 3102; baseline 0.001 -27"><span class='ocrx_word' id='word_1_137' title='bbox 318 3007 373 3078; x_wconf 81' lang='lat' dir='ltr'><strong>vis</strong></span> <span class='ocrx_word' id='word_1_138' title='bbox 414 3003 491 3076; x_wconf 94' lang='lat' dir='ltr'><strong>loco</strong></span> <span class='ocrx_word' id='word_1_139' title='bbox 524 3003 761 3078; x_wconf 77' lang='lat' dir='ltr'><strong>inaffectatam</strong></span> <span class='ocrx_word' id='word_1_140' title='bbox 798 3003 1051 3102; x_wconf 85' lang='lat' dir='ltr'><strong>jucunditatem</strong></span> <span class='ocrx_word' id='word_1_141' title='bbox 1094 3003 1328 3101; x_wconf 88' lang='lat' dir='ltr'><strong>consequitur.</strong></span> 
     </span>
     <span class='ocr_line' id='line_1_21' title="bbox 318 3112 1330 3224; baseline -0.001 -22"><span class='ocrx_word' id='word_1_142' title='bbox 318 3112 445 3202; x_wconf 83' lang='lat' dir='ltr'><strong>Nescio</strong></span> <span class='ocrx_word' id='word_1_143' title='bbox 471 3137 590 3199; x_wconf 86' lang='lat' dir='ltr'><strong>tamen</strong></span> <span class='ocrx_word' id='word_1_144' title='bbox 613 3149 682 3224; x_wconf 93' lang='lat' dir='ltr'><strong>quo</strong></span> <span class='ocrx_word' id='word_1_145' title='bbox 715 3126 809 3200; x_wconf 85' lang='lat' dir='ltr'><strong>facto</strong></span> <span class='ocrx_word' id='word_1_146' title='bbox 838 3127 929 3201; x_wconf 89' lang='lat' dir='ltr'><strong>illius</strong></span> <span class='ocrx_word' id='word_1_147' title='bbox 963 3129 1154 3203; x_wconf 85' lang='lat' dir='ltr'><strong>orationem</strong></span> <span class='ocrx_word' id='word_1_148' title='bbox 1173 3126 1330 3201; x_wconf 82' lang='lat' dir='ltr'><strong>intlatam</strong></span> 
     </span>
     <span class='ocr_line' id='line_1_22' title="bbox 318 3238 1329 3349; baseline 0.002 -26"><span class='ocrx_word' id='word_1_149' title='bbox 318 3248 428 3323; x_wconf 90' lang='lat' dir='ltr'><strong>luisse</strong></span> <span class='ocrx_word' id='word_1_150' title='bbox 445 3246 528 3320; x_wconf 87' lang='lat' dir='ltr'><strong>dicit</strong></span> <span class='ocrx_word' id='word_1_151' title='bbox 546 3247 763 3343; x_wconf 83' lang='lat' dir='ltr'><strong>Fenelonius,</strong></span> <span class='ocrx_word' id='word_1_152' title='bbox 779 3252 907 3349; x_wconf 89' lang='lat' dir='ltr'><strong>quippe</strong></span> <span class='ocrx_word' id='word_1_153' title='bbox 921 3272 1015 3344; x_wconf 88' lang='lat' dir='ltr'><strong>cum,</strong></span> <span class='ocrx_word' id='word_1_154' title='bbox 1029 3262 1069 3324; x_wconf 88' lang='lat' dir='ltr'><strong>ut</strong></span> <span class='ocrx_word' id='word_1_155' title='bbox 1082 3238 1185 3326; x_wconf 83' lang='lat' dir='ltr'><strong>antea</strong></span> <span class='ocrx_word' id='word_1_156' title='bbox 1196 3251 1329 3325; x_wconf 89' lang='lat' dir='ltr'><strong>dictum</strong></span> 
     </span>
     <span class='ocr_line' id='line_1_23' title="bbox 317 3369 1329 3474; baseline 0.002 -26"><span class='ocrx_word' id='word_1_157' title='bbox 317 3387 383 3465; x_wconf 88' lang='lat' dir='ltr'><strong>est,</strong></span> <span class='ocrx_word' id='word_1_158' title='bbox 400 3372 555 3471; x_wconf 88' lang='lat' dir='ltr'><strong>operosis</strong></span> <span class='ocrx_word' id='word_1_159' title='bbox 571 3372 606 3444; x_wconf 93' lang='lat' dir='ltr'><strong>in</strong></span> <span class='ocrx_word' id='word_1_160' title='bbox 620 3369 797 3446; x_wconf 86' lang='lat' dir='ltr'><strong>laboribus</strong></span> <span class='ocrx_word' id='word_1_161' title='bbox 810 3386 965 3448; x_wconf 81' lang='lat' dir='ltr'><strong>versatus</strong></span> <span class='ocrx_word' id='word_1_162' title='bbox 983 3373 1251 3474; x_wconf 89' lang='lat' dir='ltr'><strong>hominibusque</strong></span> <span class='ocrx_word' id='word_1_163' title='bbox 1260 3377 1329 3449; x_wconf 93' lang='lat' dir='ltr'><strong>cir-</strong></span> 
     </span>
     <span class='ocr_line' id='line_1_24' title="bbox 317 3495 1328 3593; baseline 0.004 -22"><span class='ocrx_word' id='word_1_164' title='bbox 317 3495 499 3571; x_wconf 87' lang='lat' dir='ltr'><strong>cumdatus</strong></span> <span class='ocrx_word' id='word_1_165' title='bbox 523 3497 792 3585; x_wconf 88' lang='lat' dir='ltr'><strong>inimicissimis,</strong></span> <span class='ocrx_word' id='word_1_166' title='bbox 825 3497 997 3572; x_wconf 85' lang='lat' dir='ltr'><strong>calumum</strong></span> <span class='ocrx_word' id='word_1_167' title='bbox 1017 3500 1270 3593; x_wconf 86' lang='lat' dir='ltr'><strong>tantummodo,</strong></span> <span class='ocrx_word' id='word_1_168' title='bbox 1290 3524 1328 3575; x_wconf 88' lang='lat' dir='ltr'><strong>re</strong></span> 
     </span>
     <span class='ocr_line' id='line_1_25' title="bbox 315 3619 1405 3721; baseline 0.003 -26"><span class='ocrx_word' id='word_1_169' title='bbox 315 3632 471 3718; x_wconf 81' lang='lat' dir='ltr'><strong>urgente,</strong></span> <span class='ocrx_word' id='word_1_170' title='bbox 492 3643 646 3710; x_wconf 89' lang='lat' dir='ltr'><strong>sumens,</strong></span> <span class='ocrx_word' id='word_1_171' title='bbox 666 3619 744 3717; x_wconf 85' lang='lat' dir='ltr'><strong>styli</strong></span> <span class='ocrx_word' id='word_1_172' title='bbox 758 3620 897 3709; x_wconf 88' lang='lat' dir='ltr'><strong>sinceri,</strong></span> <span class='ocrx_word' id='word_1_173' title='bbox 918 3621 1099 3718; x_wconf 80' lang='lat' dir='ltr'><strong>simplicis,</strong></span> <span class='ocrx_word' id='word_1_174' title='bbox 1116 3624 1192 3721; x_wconf 90' lang='lat' dir='ltr'><strong>puri</strong></span> <span class='ocrx_word' id='word_1_175' title='bbox 1207 3648 1327 3698; x_wconf 84' lang='lat' dir='ltr'><strong>aman·</strong></span> <span class='ocrx_word' id='word_1_176' title='bbox 1401 3709 1405 3716; x_wconf 45' lang='grc'>,</span> 
     </span>
     <span class='ocr_line' id='line_1_26' title="bbox 316 3743 1327 3846; baseline 0.004 -28"><span class='ocrx_word' id='word_1_177' title='bbox 316 3745 472 3819; x_wconf 91' lang='lat' dir='ltr'><strong>tissimus</strong></span> <span class='ocrx_word' id='word_1_178' title='bbox 491 3767 567 3818; x_wconf 89' lang='lat' dir='ltr'><strong>esse</strong></span> <span class='ocrx_word' id='word_1_179' title='bbox 579 3743 745 3817; x_wconf 85' lang='lat' dir='ltr'><strong>videntur.</strong></span> <span class='ocrx_word' id='word_1_180' title='bbox 760 3746 825 3834; x_wconf 85' lang='lat' dir='ltr'><strong>Qui</strong></span> <span class='ocrx_word' id='word_1_181' title='bbox 842 3768 920 3820; x_wconf 92' lang='lat' dir='ltr'><strong>cum</strong></span> <span class='ocrx_word' id='word_1_182' title='bbox 935 3746 1145 3820; x_wconf 83' lang='lat' dir='ltr'><strong>Tertulliano</strong></span> <span class='ocrx_word' id='word_1_183' title='bbox 1164 3748 1327 3846; x_wconf 79' lang='lat' dir='ltr'><strong>frequen·</strong></span> 
     </span>
     <span class='ocr_line' id='line_1_27' title="bbox 314 3868 1327 3969; baseline 0.004 -26"><span class='ocrx_word' id='word_1_184' title='bbox 314 3872 447 3946; x_wconf 90' lang='lat' dir='ltr'><strong>tissime</strong></span> <span class='ocrx_word' id='word_1_185' title='bbox 469 3882 634 3959; x_wconf 87' lang='lat' dir='ltr'><strong>uteretur,</strong></span> <span class='ocrx_word' id='word_1_186' title='bbox 656 3893 736 3942; x_wconf 89' lang='lat' dir='ltr'><strong>cum</strong></span> <span class='ocrx_word' id='word_1_187' title='bbox 752 3869 924 3966; x_wconf 90' lang='lat' dir='ltr'><strong>imprimis</strong></span> <span class='ocrx_word' id='word_1_188' title='bbox 938 3870 1099 3944; x_wconf 84' lang='lat' dir='ltr'><strong>Airorurn</strong></span> <span class='ocrx_word' id='word_1_189' title='bbox 1118 3868 1254 3969; x_wconf 80' lang='lat' dir='ltr'><strong>ingenia</strong></span> <span class='ocrx_word' id='word_1_190' title='bbox 1266 3871 1327 3947; x_wconf 94' lang='lat' dir='ltr'><strong>de-</strong></span> 
     </span>
     <span class='ocr_line' id='line_1_28' title="bbox 314 3993 1325 4093; baseline 0.002 -24"><span class='ocrx_word' id='word_1_191' title='bbox 314 3997 520 4069; x_wconf 86' lang='lat' dir='ltr'><strong>laetarentur</strong></span> <span class='ocrx_word' id='word_1_192' title='bbox 531 3994 693 4066; x_wconf 87' lang='lat' dir='ltr'><strong>orationis</strong></span> <span class='ocrx_word' id='word_1_193' title='bbox 709 3993 883 4092; x_wconf 90' lang='lat' dir='ltr'><strong>ampullis,</strong></span> <span class='ocrx_word' id='word_1_194' title='bbox 903 4018 944 4065; x_wconf 86' lang='lat' dir='ltr'><strong>eo</strong></span> <span class='ocrx_word' id='word_1_195' title='bbox 962 3996 1074 4093; x_wconf 85' lang='lat' dir='ltr'><strong>magis</strong></span> <span class='ocrx_word' id='word_1_196' title='bbox 1085 3997 1193 4069; x_wconf 91' lang='lat' dir='ltr'><strong>miror</strong></span> <span class='ocrx_word' id='word_1_197' title='bbox 1207 3997 1325 4071; x_wconf 89' lang='lat' dir='ltr'><strong>candi·</strong></span> 
     </span>
    </p>
   </div>
   <div class='ocr_carea' id='block_1_4' title="bbox 344 4192 773 4337">
    <p class='ocr_par' dir='ltr' id='par_1_5' title="bbox 344 4192 773 4337">
     <span class='ocr_line' id='line_1_29' title="bbox 349 4192 773 4255; baseline -0.005 -11"><span class='ocrx_word' id='word_1_198' title='bbox 349 4200 369 4244; x_wconf 91' lang='lat' dir='ltr'><strong>t.</strong></span> <span class='ocrx_word' id='word_1_199' title='bbox 388 4196 426 4244; x_wconf 82' lang='lat' dir='ltr'><strong>De</strong></span> <span class='ocrx_word' id='word_1_200' title='bbox 441 4195 547 4244; x_wconf 82' lang='lat' dir='ltr'><strong>Unttote</strong></span> <span class='ocrx_word' id='word_1_201' title='bbox 559 4192 689 4255; x_wconf 74' lang='lat' dir='ltr'><strong>Ecclesia,</strong></span> <span class='ocrx_word' id='word_1_202' title='bbox 706 4206 729 4244; x_wconf 92' lang='lat' dir='ltr'><strong>c.</strong></span> <span class='ocrx_word' id='word_1_203' title='bbox 741 4192 773 4245; x_wconf 84' lang='lat' dir='ltr'><strong>V.</strong></span> 
     </span>
     <span class='ocr_line' id='line_1_30' title="bbox 344 4273 768 4337; baseline -0.007 -9"><span class='ocrx_word' id='word_1_204' title='bbox 344 4284 368 4328; x_wconf 82' lang='lat'><strong>2.</strong></span> <span class='ocrx_word' id='word_1_205' title='bbox 389 4279 426 4327; x_wconf 82' lang='lat' dir='ltr'><strong>De</strong></span> <span class='ocrx_word' id='word_1_206' title='bbox 442 4278 548 4327; x_wconf 78' lang='lat' dir='ltr'><strong>t&#39;nttotc</strong></span> <span class='ocrx_word' id='word_1_207' title='bbox 560 4273 690 4337; x_wconf 72' lang='lat' dir='ltr'><strong>Eccleetae,</strong></span> <span class='ocrx_word' id='word_1_208' title='bbox 702 4288 726 4325; x_wconf 91' lang='lat' dir='ltr'><strong>c.</strong></span> <span class='ocrx_word' id='word_1_209' title='bbox 738 4276 768 4326; x_wconf 79' lang='lat' dir='ltr'><strong>V.</strong></span> 
     </span>
    </p>
   </div>
   <div class='ocr_carea' id='block_1_5' title="bbox 0 0 1654 5272">
    <p class='ocr_par' dir='ltr' id='par_1_6' title="bbox 0 0 1654 5272">
     <span class='ocr_line' id='line_1_31' title="bbox 0 0 1654 5272; baseline 0 6"><span class='ocrx_word' id='word_1_210' title='bbox 0 0 1654 5272; x_wconf 95' lang='lat' dir='ltr'><strong> </strong></span> 
     </span>
    </p>
   </div>
  </div>
 </body>
</html>
