3300 5272
324 434 372 505 20
737 452 911 502 ronrsrro.

317 584 441 651 laboris
454 590 487 649 et
504 579 625 667 ingenii
640 580 783 667 impensa
794 582 914 669 suscipi
929 602 1033 670 posse.
1054 585 1124 651 Illis
1149 588 1250 672 igitur
1270 588 1336 655 lna·

321 699 493 780 mliorem,
513 703 671 764 ettamen
693 696 839 764 nondum
861 695 988 767 viribus
1009 716 1146 786 aequam,
1171 703 1337 771 materiam

321 814 457 901 sumpsi.
475 812 623 880 Primam
635 812 739 898 igitur
754 813 856 880 sancti
871 814 968 880 unius
988 814 1052 881 tiri
1072 815 1245 902 imaginem
1257 834 1339 905 pure

321 922 554 1016 depingendam
577 927 719 1015 suscepi3
745 926 861 995 deinde
882 929 1061 1017 precipuas
1093 938 1222 998 tantum
1249 930 1339 1021 illius

321 1044 442 1129 efligies
457 1043 493 1109 in
509 1041 610 1108 ratiis
629 1041 753 1109 secatis
773 1042 901 1110 effectas
921 1044 1098 1112 ostendam.
1124 1047 1210 1132 Ergo
1223 1046 1339 1125 thesim

321 1158 424 1241 illam,
443 1156 570 1223 favente
590 1155 749 1243 imprimis
762 1159 1025 1243 praestantissimo
1045 1176 1082 1226 ao
1100 1159 1340 1228 benevolentis-

322 1274 407 1338 simo
417 1272 553 1358 hujusce
562 1270 753 1358 amplissimi
765 1271 893 1357 collegii
909 1272 1057 1359 preside,
1074 1274 1230 1361 Cypriani
1242 1276 1341 1342 rebus

322 1397 357 1456 at
375 1388 519 1456 moribus
540 1369 718 1455 monendis
739 1387 955 1474 inaugurari,
977 1408 1043 1475 qua
1064 1390 1222 1458 nimirum
1249 1410 1342 1479 egre·

321 1506 369 1591 gii
384 1504 480 1570 istius
500 1503 642 1569 hominis
663 1511 698 1569 et
722 1501 809 1569 dieta
829 1510 861 1570 et
882 1503 967 1570 facta
992 1513 1227 1573 consecuturus
1255 1526 1340 1586 sum,

324 1626 420 1704 atque
433 1627 473 1685 ut
488 1620 557 1705 ipse
570 1618 712 1685 lucidior
724 1626 886 1706 appareat,
894 1621 1068 1688 Ecclesiam
1078 1622 1169 1687 illam
1177 1621 1345 1707 Carthngi·

324 1738 468 1802 niensem
483 1753 549 1819 qua
563 1741 654 1801 aetate
675 1753 746 1800 eam
765 1734 897 1819 regebat
922 1737 1154 1803 restituendam
1171 1738 1251 1805 mihi
1268 1756 1345 1823 pro-

324 1869 424 1936 pono.
451 1851 531 1932 Qua
556 1849 719 1935 preterita
747 1859 785 1917 ut
810 1849 965 1936 reficiam,
992 1852 1152 1919 tessellato
1183 1853 1276 1939 quasi
1309 1854 1342 1919 in

326 1984 435 2053 opere,
453 1965 538 2031 hano
556 1965 591 2031 in
604 1983 710 2030 aream
726 1965 909 2051 aCypriani
923 1967 1130 2051 potissimum
1149 1975 1183 2034 ct
1197 1968 1239 2034 ab
1258 1968 1346 2035 ttri-

328 2100 481 2150 canorum
508 2079 579 2167 ejus
603 2078 663 2146 avi
685 2086 856 2146 anctorum
882 2080 1011 2167 scriptis
1038 2101 1092 2148 res
1117 2084 1265 2149 reseram.
1300 2084 1346 2148 Ne

329 2207 438 2267 autem
456 2195 726 2281 Pompeianorum
741 2194 862 2262 civium
879 2215 969 2262 more
988 2214 1082 2281 agam
1096 2199 1154 2282 qui
1174 2201 1265 2282 topita
1278 2218 1347 2265 ma·

333 2332 474 2404 gnopcre
500 2310 660 2393 delectati,
679 2311 738 2377 nni
759 2310 886 2377 tabellae
906 2311 1154 2378 accumulabant
1177 2314 1298 2398 quaems
1315 2321 1349 2379 et

332 2427 548 2498 commentitie
566 2432 599 2493 et
620 2426 820 2511 imaginaria,
842 2426 922 2492 mihi
943 2425 1039 2494 modo
1063 2429 1196 2495 materia
1215 2430 1349 2514 antiqua

334 2554 367 2613 ct
393 2545 530 2633 pristino
556 2541 664 2610 colore
686 2541 844 2609 utendum
872 2549 933 2608 est.
961 2545 1002 2609 Et
1047 2544 1251 2611 solummodo
1278 2544 1349 2608 calx

335 2671 432 2748 atqua
454 2679 551 2727 arena
575 2657 694 2742 quibus
722 2664 886 2723 structura
908 2659 1187 2742 coagmentahitur
1217 2658 1351 2724 artificis
1376 2665 1383 2677 ’

337 2780 416 2861 crit3
440 2777 518 2857 imo,
543 2781 580 2838 ut
597 2773 739 2852 Vitruaii
759 2791 850 2838 more
867 2773 996 2857 loquar,
1018 2791 1133 2838 cavum
1147 2771 1289 2837 medium
1315 2772 1351 2837 in

338 2889 546 2975 vermiculato
559 2885 679 2952 habere
695 2903 792 2969 quam
803 2892 938 2950 tesseras
952 2902 1057 2972 nuper
1076 2886 1233 2951 coniectas
1254 2885 1353 2952 eollo·

337 3025 410 3073 aare
435 3004 539 3092 pluris
555 3007 718 3089 putamus,
736 3000 812 3064 licet
828 2998 1006 3082 marginem
1021 2998 1104 3064 iorte
1120 2998 1353 3066 recentioribus

340 3123 382 3190 ab
400 3120 537 3188 officinis
552 3116 715 3183 duximus.
738 3114 868 3181 Utinam
887 3114 990 3199 igitar
1010 3113 1242 3199 aliquantisper
1259 3104 1354 3181 nobis

341 3239 436 3305 liccat
448 3252 599 3301 revocare
614 3251 635 3297 a
649 3229 791 3297 tenebris
808 3228 994 3295 memoriam
1009 3220 1133 3314 prioris
1143 3228 1232 3295 illius
1248 3231 1355 3297 Eccle-

344 3359 399 3424 sioe
428 3353 578 3420 africanae
600 3346 692 3433 qu‘us
712 3346 860 3413 tumulus
880 3344 1085 3411 incunabulis
1114 3345 1248 3431 propior
1279 3346 1354 3429 init,

346 3484 420 3556 qum
435 3477 539 3536 tamen
563 3461 771 3550 paucissimos
794 3462 880 3527 inter
900 3479 1002 3528 annos
1023 3460 1145 3545 quibus
1167 3459 1287 3528 donata
1310 3468 1359 3526 ast

346 3585 453 3666 tortis
466 3581 592 3663 ardena,
606 3597 717 3646 severa
734 3577 886 3644 eminuitl
910 3576 1040 3642 Utinam
1063 3576 1197 3642 societas
1214 3576 1272 3643 illa
1285 3594 1359 3662 qum

344 3723 368 3768 a
383 3698 503 3768 teneris
518 3694 647 3762 lucebat
665 3695 750 3760 inter
763 3699 888 3759 atroces
907 3693 960 3758 sui
977 3697 1228 3777 oppugnatores,
1249 3696 1360 3776 utpote
1488 3754 1492 3771 ,

348 3816 532 3884 animorum
562 3809 740 3875 liberorum
775 3805 907 3873 virtutis
943 3824 981 3874 uc
1011 3806 1133 3872 virium
1163 3805 1359 3893 exemplum,

350 3949 450 4017 quam
460 3924 775 3994 solummodomotus
789 3940 809 3987 a
823 3920 972 3987 barbaris
982 3925 1097 3986 aeuus
1111 3920 1361 4002 exstinxit'ien-

349 4045 505 4127 tullianis,
540 4039 709 4127 Cyprianis
734 4057 772 4104 ac
786 4034 916 4104 modom
940 4034 1131 4121 augminis
1151 4035 1219 4102 suis
1247 4053 1360 4122 snper·
