3300 5272
487 424 638 485 iiiiiiili
670 426 842 485 Fauuta
874 427 1085 487 LilililVlil.
1298 435 1352 485 lot

276 588 352 674 Agri
368 603 474 652 autem
490 587 661 672 dominus,
678 591 766 655 ¹culta
788 592 948 673 invisens,
972 608 1008 655 ut
1032 608 1136 658 costas
1152 591 1276 656 notavit
1289 591 1353 655 fru-

230 750 302 814 ges,
316 759 328 781 a
344 729 464 792 Nune·
481 727 580 811 dixit,
594 764 605 786 ιι
620 746 747 819 tempus
762 749 828 799 erat
842 748 977 797 cunctos
989 733 1070 797 mihi
1082 755 1207 797 sumere
1219 733 1352 811 amieos,

232 900 243 920 u
259 888 295 931 ut
309 870 414 958 spicas
428 869 590 935 demetam
604 870 688 937 falce
704 904 726 935 n.

275 1013 322 1074 Ac
338 1010 379 1075 de
394 1012 530 1077 cristatis
545 1014 666 1078 cessitae
679 1014 777 1102 pullis
791 1037 876 1078 unus
892 1014 1079 1104 loquentem
1097 1013 1213 1094 audiit,
1235 1030 1355 1077 narrat-

233 1174 294 1238 que
311 1157 411 1241 patri,
432 1177 575 1243 quaerere
587 1156 706 1241 jubens
724 1157 758 1219 in
771 1178 868 1245 quem
880 1156 968 1244 ipsos
983 1155 1121 1219 deducet
1133 1155 1251 1218 locum.

274 1325 286 1348 «ι
303 1294 458 1359 Nondum
475 1325 488 1350 ι
504 1311 596 1384 pater
609 1297 670 1379 ait,
687 1327 701 1353 a
717 1296 799 1361 hora
816 1298 908 1386 fugae.
927 1298 993 1379 Qui
1014 1297 1102 1361 enim
1117 1293 1253 1360 confidit
1272 1297 1353 1359 ami-

229 1465 240 1490 ·
258 1436 322 1517 cis,
341 1459 408 1499 uon
425 1436 519 1501 valde
532 1453 687 1527 properat
701 1469 723 1502 ν.

274 1577 317 1640 Ut
337 1601 446 1642 rursus
469 1581 575 1663 veuit,
601 1580 744 1669 solisque
768 1581 829 1645 sub
854 1596 932 1644 testu
950 1583 1018 1666 jam
1044 1578 1199 1643 liuentem
1218 1598 1354 1641 cernens

229 1720 366 1807 spicam,
395 1720 545 1785 salarium
573 1722 769 1787 messoribus
794 1744 863 1786 cras
888 1743 923 1785 se
948 1722 1140 1800 missurum,
1166 1720 1353 1805 cunctisque

229 1861 379 1925 daturum
411 1862 592 1927 mercedem
616 1863 670 1951 qui
702 1878 850 1952 gererent
878 1861 1078 1951 manipulos,
1106 1858 1352 1949 pronunciavit,

230 2003 346 2067 teneris
359 2001 439 2066 dixit
454 2003 566 2066 cassita
581 2002 698 2091 pullis:

272 2143 425 2205 «Revera
453 2163 561 2223 nune,
588 2143 701 2230 pueri,
726 2156 854 2229 tempus
884 2156 934 2205 est
956 2140 1108 2229 aufugere
1136 2140 1222 2220 alio,
1249 2162 1349 2225 quum

226 2313 238 2338 α
255 2283 324 2370 ipse
337 2283 400 2347 sibi
414 2282 566 2365 confidit,
590 2305 657 2347 non
672 2283 784 2349 amicis
799 2313 824 2345 ι.

271 2586 375 2649 Docet
399 2608 459 2650 nos
479 2585 587 2650 fabula
605 2608 716 2649 euram
733 2608 841 2650 rerum
859 2586 1063 2674 propriarum
1088 2607 1219 2674 gerere,
1247 2603 1349 2668 quau·

223 2742 293 2790 tum
305 2728 466 2810 valemus,
479 2751 539 2794 nec
553 2751 606 2793 eas
621 2729 784 2819 negligere
799 2729 978 2795 amicorum
993 2726 1132 2792 eoniisos
1150 2726 1286 2793 auxiliis.

257 3134 293 3179 io.
315 3136 334 3180 Δ
351 3130 481 3194 distinguit
496 3134 553 3195 posi
568 3135 650 3190 ὄντως.
668 3133 757 3183 Fabula
810 3135 890 3184 τόπων
907 3136 1009 3198 φεύγειν,
1029 3135 1085 3185 'Or’
1100 3135 1168 3192 αὐτὸς
1179 3135 1238 3199 ἀμᾷ,
1254 3137 1299 3186 κού
1310 3137 1346 3200 ei·

222 3206 310 3256 coilaia
339 3208 533 3272 probabilissime
552 3212 634 3270 οὕτως.
656 3213 755 3262 Servavi
809 3212 870 3261 λοισι
882 3212 986 3261 πιστεύει
997 3230 1021 3261 υ.

222 3285 304 3333 tamen
313 3286 379 3348 quod
390 3286 473 3341 iuveni
483 3288 566 3352 ὅπως,
576 3292 601 3339 et
610 3290 671 3340 iliud
682 3280 754 3353 iunxi
840 3295 877 3343 18.
895 3298 924 3352 Δ,
941 3291 1010 3346 αὐτὸς
1029 3290 1104 3354 αὐτῷ.
1122 3290 1211 3353 seipsi
1226 3292 1299 3354 elmi·
1310 3292 1344 3342 ⁵5·

221 3366 316 3415 cassita
332 3367 446 3417 orationi,
462 3372 537 3420 Favet
554 3369 635 3421 suidae
653 3370 699 3419 alis
719 3383 755 3421 re·
809 3373 879 3423 miles
888 3373 1052 3424 correctiones
1062 3372 1111 3434 jam
1123 3372 1168 3422 ieci
1184 3378 1209 3421 F.
1225 3377 1344 3433 XL111‚3;

221 3446 312 3509 eeusio,
329 3460 353 3497 v.
373 3448 555 3513 ἀμᾷν,θῳίζιιν,
566 3450 630 3514 παρὰ
646 3451 674 3500 τὸ
692 3451 754 3513 ἅμα·
810 3457 899 3515 mil,
908 3457 1004 3504 8.-1o
1011 3451 1184 3503 aiisbubiioue
1191 3451 1281 3502 inserui
1289 3452 1343 3516 θαῤ·

223 3525 334 3590 Βὰὅριος·
354 3528 424 3583 «Nea
437 3527 501 3578 loma
522 3528 603 3590 ὄντως,
620 3530 709 3591 παῖδις,
729 3531 755 3579 ἐκ
809 3536 904 3597 ροῦντας
921 3546 950 3583 es
962 3530 1147 3583 tauniacensis.
