3300 5272
504 424 664 486 aranu
694 425 872 487 stultns
903 424 1007 488 CXll.
1261 431 1319 485 tta

198 604 246 654 est
263 591 372 654 asinus
389 606 544 678 repente,
564 590 810 679 liquefactisque
832 591 971 673 salibus,
996 611 1096 656 onere
1118 588 1181 653 luit
1199 587 1320 653 levatus

199 736 271 776 suo.
288 714 423 800 Jamque
437 713 577 778 refectus
600 715 700 780 animi
716 714 869 796 surrexit,
891 737 929 779 ac
945 714 1014 778 sine
1030 712 1143 778 labore
1161 711 1193 774 in
1214 711 1321 775 conti·

198 848 328 897 nentem
345 835 445 898 evasit
458 834 571 923 ripam.
892 815 897 824 ⁴

243 955 424 1021 Divenditis
448 957 583 1037 salibus,
613 973 772 1024 mercator
791 981 901 1023 rursus
917 957 1010 1022 duxit
1027 958 1163 1038 asinum,
1180 956 1322 1020 sarcinas

199 1077 244 1141 illi
260 1080 485 1167 impositurus,
502 1082 719 1172 imposuitque
734 1083 907 1172 graviores.

244 1202 353 1284 Quum
376 1227 472 1286 vero,
495 1204 597 1269 fessus
622 1205 753 1286 labore,
772 1205 876 1268 rivum
896 1202 1053 1267 auritulus
1066 1203 1217 1267 transiret
1234 1223 1323 1265 eum·

200 1325 273 1391 dem
299 1328 333 1391 in
358 1351 424 1417 quo
447 1328 610 1394 ceciderat
634 1351 748 1418 nuper,
773 1328 948 1417 procubuit
968 1342 1103 1416 sponte;
1129 1349 1188 1408 ac,
1214 1346 1322 1389 rursus

200 1447 379 1534 liquefactis
396 1449 533 1531 salibus,
552 1450 690 1538 gestiens
706 1471 824 1538 corpus
839 1447 925 1512 tollit
941 1446 1025 1511 vado
1039 1446 1200 1535 levisque,
1216 1443 1324 1532 utqui

199 1571 325 1634 lucrum
343 1572 470 1637 lecerat.

245 1696 305 1759 Ast
321 1694 422 1759 homo
443 1696 592 1760 technam
621 1696 887 1760 comminiscitur.
912 1695 1069 1759 Plurimas
1093 1693 1245 1782 spongias
1260 1715 1323 1782 po-

202 1832 322 1881 stremo
340 1834 484 1907 tempore
501 1820 631 1883 amaris
648 1819 741 1885 litore
757 1819 900 1902 advexit,
912 1823 979 1904 jam
996 1833 1151 1906 pertaesus
1167 1818 1259 1882 sales.

247 1943 363 2006 Asinus
378 1965 456 2008 vero
480 1958 602 2024 astute,
620 1960 656 2007 ut
678 1966 737 2032 per
752 1942 886 2007 fluentes
907 1943 1063 2031 processit
1087 1964 1199 2030 aquas,
1212 1939 1326 2006 volens

201 2066 395 2152 procubuit3
422 2089 538 2155 quum,
560 2067 705 2156 spongiis
728 2081 861 2155 repente
887 2064 1094 2146 madefactis,
1112 2081 1216 2130 totum
1242 2065 1327 2128 intu-

203 2191 285 2254 muit
299 2214 397 2274 onus,
413 2191 604 2282 pondusque
620 2193 741 2282 duplex
752 2193 849 2257 dorso
862 2191 969 2255 serens
985 2190 1064 2254 abiit
1076 2191 1188 2254 bestia.

247 2315 312 2379 Ubi
328 2318 402 2405 quis
416 2340 485 2383 rem
502 2318 587 2383 bene
601 2333 742 2410 gesserat
757 2319 890 2405 saepius,
908 2317 954 2381 ibi
970 2315 1121 2411 impingit
1134 2313 1227 2378 male.

709 2806 816 2877 CXll.

562 3135 650 3197 Mus
682 3136 737 3196 ET
768 3135 954 3198 TAURUS.

248 3547 324 3612 Mus
345 3545 523 3613 momordit
540 3561 746 3626 taurum;‚et
770 3561 882 3610 taurus
907 3544 1021 3609 dolore
1043 3544 1184 3634 percitus
1204 3564 1328 3609 murem

204 3671 430 3755 insectabatur,
447 3672 501 3760 qui
518 3687 663 3760 tempore
679 3669 780 3734 imum
795 3669 894 3734 subiit
911 3669 1068 3733 foramen.

249 3800 308 3862 Ast
323 3798 377 3863 ille
391 3815 476 3864 stans
492 3796 598 3862 lodire
615 3797 713 3885 coepit
728 3797 882 3862 cornibus
897 3796 1053 3885 parietes,
1067 3792 1220 3883 quamdiu
1234 3792 1329 3874 dum,
1438 3840 1443 3853 .

205 4241 261 4295 ἅλας
278 4239 346 4296 ὅλους
360 4240 439 4299 τήξας,
454 4237 498 4289 ted
515 4238 660 4303 displicebat
670 4250 740 4289 ettot-
825 4243 863 4288 13.
881 4243 910 4300 Α,
926 4240 1020 4303 γαῦρος.
1037 4233 1187 4300 Spondnum
1198 4233 1256 4299 lati,
1270 4236 1331 4288 tetl-

206 4319 253 4368 mis
265 4319 310 4368 iste
325 4318 487 4381 pesqulutus
505 4319 578 4382 colus
598 4318 737 4382 sxa-num
795 4320 838 4382 pto
847 4319 948 4383 γαύρωι.

206 4388 285 4439 delevi
298 4387 355 4439 rat.
370 4391 458 4450 tot,7.
686 4386 712 4441 Ι
825 4395 883 4447 rat.
900 4398 971 4447 exn.
991 4401 1015 4445 r.
1029 4393 1100 4446 cont.
1117 4392 1176 4445 rat.
1191 4397 1246 4457 toa,
1258 4400 1296 4446 aa.
