3300 5272
488 417 635 477 hinnit
666 418 933 481 PROOEMIUM.
1254 440 1270 487 5

160 571 223 633 titit
241 594 343 653 aenea,
367 594 465 660 quam
483 577 645 664 excepisse
663 596 793 643 narrant
815 579 954 645 divinam
976 583 1087 664 aliam,
1113 587 1268 653 Heroum.

161 720 298 800 Quinta,
324 719 426 786 ferrea
441 721 531 787 radix
549 723 610 788 fuit
627 729 782 815 pejusque
797 750 910 816 genus.

204 909 308 970 Aurea
320 908 352 970 in
364 917 474 988 aetate,
475 958 527 975 .....
545 928 578 975 et
596 913 744 977 animalia
763 931 866 979 cetera
884 939 996 981 vocem
1013 918 1175 984 habebant
1193 924 1272 986 arti-

160 1052 296 1115 culatam
309 1056 578 1146 sermonibusque
591 1060 778 1143 utebantur3
797 1080 828 1126 et
848 1063 977 1128 illorum
996 1082 1088 1129 erant
1102 1066 1172 1131 fora
1184 1068 1271 1133 silvis

160 1202 194 1263 in
213 1202 335 1268 mediis.
359 1206 590 1293 Loquebantur
607 1226 639 1273 et
661 1209 741 1298 lapis
761 1212 939 1300 abietisque
964 1213 1060 1296 folia;
1087 1215 1276 1303 loquebatur

159 1346 350 1434 delphinus,
368 1351 531 1431 Braucbe,
556 1353 630 1416 navi
649 1375 685 1417 ac
700 1370 820 1437 nautae,
845 1357 1112 1445 colloquebantur
1128 1386 1273 1450 passeres

162 1497 381 1587 intelligenter
411 1523 484 1564 cum
512 1501 668 1590 agricolis.
702 1504 749 1566 Ex
771 1505 884 1571 tellure
905 1510 1117 1575 nascebantur
1142 1531 1273 1595 cuncta,

161 1648 241 1711 nibil
266 1653 333 1737 ipsa
356 1667 528 1739 poscente;
551 1653 763 1742 mortalesque
783 1656 919 1722 interae
946 1657 1024 1724 deos
1041 1661 1165 1750 vigebat
1180 1664 1273 1728 soda-

160 1796 241 1859 litas.

204 1988 278 2049 Haec
294 2003 399 2050 autem
419 1985 520 2050 disces
542 1988 587 2053 sic
608 1988 726 2054 babere
749 2014 782 2054 se
804 2016 839 2054 ac
863 2015 1038 2082 cognosces
1058 2021 1096 2060 ex
1122 2000 1274 2087 sapientis

160 2137 244 2199 senis
258 2135 362 2198 nostri
378 2133 488 2224 AEsopi
510 2135 635 2200 fabulas
654 2142 829 2205 enarrantis
848 2142 947 2207 libera
962 2168 1060 2210 musa.

191 2551 214 2592 6.
231 2549 261 2604 Α,
272 2545 309 2592 ἐπὶ
327 2549 367 2603 τῆς
385 2544 411 2593 δε
473 2543 620 2605 σῆς,(1θ101υ
639 2544 687 2607 syl·

160 2623 221 2672 laba.
236 2632 290 2684 Quo
306 2623 330 2671 in
347 2623 402 2672 loco
412 2636 489 2686 quum
499 2623 570 2673 valde
584 2622 687 2687 trepidi·

159 2715 240 2751 remos
252 2715 295 2764 ego
304 2704 329 2751 et
338 2702 410 2751 homo
425 2703 511 2766 aliquis
521 2702 620 2765 doctus,
638 2707 688 2752 sta·

159 2783 203 2830 tim
214 2783 274 2832 vidit
289 2782 415 2832 thnerus
427 2783 464 2833 vir
479 2782 504 2832 in
516 2784 561 2832 hec
574 2787 626 2833 arte
642 2784 687 2833 cri·

158 2864 207 2913 tica
223 2864 475 2914 cotomnmslissimus
493 2863 620 2926 legetidutn
635 2877 688 2913 esse

160 2952 262 3007 χρυσῆς,
281 2944 347 3007 quod
362 2945 423 2994 adeo
441 2956 525 2994 verum
537 2945 575 2993 est
589 2947 616 2993 ut
626 2944 686 2993 nihii

157 3025 297 3082 sitierint,
318 3027 343 3073 ct
359 3024 392 3072 ita
410 3022 512 3085 scripsi,
532 3025 611 3084 posito
627 3022 687 3072 init

159 3108 270 3152 accentu.
293 3108 361 3163 tam,
379 3102 405 3152 oi
420 3103 548 3151 mutentur
566 3100 637 3149 verba
657 3101 686 3150 τὰ

159 3183 238 3243 λοιπὰ,
250 3187 315 3244 petet
324 3180 422 3244 periisse
431 3193 514 3229 versus
524 3178 596 3242 hujus
606 3180 687 3241 tinem,

159 3275 216 3310 cum
233 3261 302 3310 initio
318 3259 456 3323 sequentis,
477 3261 546 3321 cujus
564 3259 688 3308 eritclou·

740 2550 791 2605 tur,
803 2559 852 2596 oon
863 2549 957 2597 nutum
978 2550 1042 2600 tere.
1054 2570 1066 2594 o
1086 2558 1230 2614 loquuntur
1247 2556 1275 2604 iu

741 2625 825 2674 Aviani
837 2627 925 2676 Fabula
936 2627 1002 2678 thies
1012 2632 1038 2679 et
1046 2629 1144 2681 dumus.
1158 2632 1217 2682 vide
1229 2634 1273 2683 lii·

741 2701 799 2764 gali.
808 2703 838 2751 sd
851 2704 944 2755 rhem.
957 2706 973 2755 Ι.
984 2708 999 2756 Ι.

773 2787 810 2831 to.
827 2788 857 2841 Α,
867 2783 941 2832 ἐλάλει
950 2786 975 2834 δὲ
985 2784 1078 2841 πόντιος
1087 2787 1160 2848 ἰχθὺς,
1170 2786 1271 2850 listins,

740 2862 923 2927 mitelwilre.
943 2865 1058 2926 Proponit
1077 2864 1155 2913 vird.
1174 2876 1271 2913 versum

739 2938 826 3001 legere,
838 2941 918 2992 deleto
935 2942 1033 2991 nomine
1050 2942 1150 3007 Βράγχε.
1169 2943 1214 2993 sed
1229 2957 1271 3007 pes

740 3023 843 3079 quartus
854 3020 888 3069 ita
901 3019 1058 3082 essetiesos,
1077 3025 1104 3069 ut
1122 3033 1170 3069 oon
1189 3024 1272 3084 posset

739 3097 858 3148 incedere.
881 3100 952 3149 huila
963 3101 999 3148 est
1015 3113 1089 3149 coust
1108 3115 1152 3150 cor
1168 3103 1273 3165 scrinis·

741 3181 778 3226 set
795 3190 881 3226 nomen
901 3177 992 3242 Βράγχε
1005 3178 1117 3228 librarius
1128 3193 1176 3230 oon
1193 3195 1271 3244 reper-

741 3261 810 3318 tom;
831 3258 910 3321 potuit
929 3258 1070 3320 imprudens
1087 3260 1150 3308 maie
1163 3265 1270 3323 repetere

159 3341 226 3400 solo,
242 3343 283 3389 καὶ
302 3342 331 3389 τὰ
346 3339 416 3390 λοιπὰ
431 3356 453 3388 τ.
462 3344 482 3397 ζ.
503 3338 642 3401 cogitabam
658 3339 689 3387 do
740 3337 843 3386 terbum
858 3338 940 3387 ἐλάλει.
960 3343 1049 3387 Forsan
1061 3337 1117 3387 inde
1128 3337 1269 3400 legendum:

159 3420 317 3480 corrigendo,
327 3422 367 3470 καὶ
381 3421 410 3469 τὰ
423 3421 495 3483 φῦλα,
506 3421 546 3467 καὶ
560 3419 590 3467 τὰ
597 3418 686 3478 πολλὰ,
741 3417 971 3480 teretemque,
982 3418 1083 3484 Betae,
1095 3421 1133 3476 sni
1142 3420 1182 3467 καὶ
1190 3420 1271 3482 ναύτῃ.

159 3500 198 3549 vei
210 3503 238 3548 τὰ
248 3501 346 3548 πλεῖστα
354 3516 376 3548 τ.
386 3504 422 3557 ζ.,
441 3497 482 3548 sed
496 3503 534 3548 est
550 3497 624 3546 nimia
637 3498 688 3548 lite·
740 3496 820 3546 verbo
833 3498 919 3547 iterato
928 3498 1045 3548 sententis
1057 3510 1103 3546 uon
1119 3497 1216 3559 indiget.
1227 3498 1271 3548 vel

159 3591 240 3626 rarum
251 3577 276 3626 in
287 3583 389 3640 utroque
399 3577 497 3627 nomine
507 3577 688 3627 disserentis-
740 3576 799 3627 latet
815 3576 886 3639 piscis
902 3589 989 3626 nomeu
1002 3576 1126 3638 cujusilsm
1137 3574 1271 3638 proprium,

159 3666 187 3718 it,
201 3659 275 3714 ζώων.
285 3656 373 3719 scripsi
384 3658 463 3720 ζῴων,
475 3657 541 3719 qood
555 3659 603 3707 lere
622 3670 687 3706 sem·
739 3658 809 3720 cujus
819 3657 897 3718 glossa
905 3656 997 3711 πόντιος
1006 3656 1093 3718 ῑχθὺςο
1107 3656 1270 3718 marginesihi

158 3750 201 3800 per
215 3743 234 3786 h
246 3736 358 3786 exhibeat
367 3753 401 3798 ῳ,
411 3740 439 3785 ut
447 3740 472 3786 et
485 3737 510 3785 in
524 3742 599 3800 σῷος,
609 3738 686 3800 σῴζω.
739 3736 803 3785 riom
814 3736 897 3786 iecerit
906 3739 931 3784 et
942 3734 1024 3785 sedem
1033 3747 1080 3783 non
1090 3747 1160 3783 suam
1171 3747 1273 3799 occupa·

159 3824 220 3879 Quae
237 3816 366 3879 scriptura,
384 3816 496 3880 quamtis
516 3828 570 3865 eam
591 3816 688 3879 plorimi
740 3816 809 3865 verit.
823 3822 922 3879 hocque
933 3815 993 3865 mihi
1009 3814 1089 3863 risum
1107 3818 1144 3864 est
1156 3814 1198 3865 illo
1216 3829 1270 3879 pro·

159 3897 263 3947 editores
272 3897 400 3959 negligant,
408 3899 446 3946 est
456 3897 560 3960 optima,
581 3896 688 3946 inissem·
740 3895 852 3958 habilius,
871 3894 1005 3957 scripsique
1019 3892 1103 3954 δελφὶς,
1118 3891 1149 3941 de
1164 3891 1216 3955 ipso
1231 3896 1270 3943 ta·

158 3990 207 4039 qoe
223 3977 408 4039 reprehensione
423 3975 524 4038 dignus,
541 3965 593 4026 sis'
605 3976 688 4026 codice
741 3989 795 4024 men
813 3973 930 4023 vocabulo
947 3971 1054 4021 multum
1062 3970 1177 4033 incertus,
1193 3984 1269 4033 quum

160 4057 317 4106 recessissem.
327 4055 529 4108 videitnochium
539 4056 687 4106 sdhahrium
741 4054 848 4104 lahuhm
865 4066 913 4103 non
930 4048 1096 4111 meminerim,
1116 4049 1140 4098 in
1156 4064 1206 4113 qua
1222 4051 1272 4101 del·

160 4149 212 4198 peg-
227 4141 266 4186 57.
743 4135 831 4198 phlnus
842 4138 866 4184 et
878 4133 1085 4194 natisnautteque
1101 4129 1191 4180 literiot
1208 4131 1272 4181 iuter

191 4222 213 4264 9.
240 4216 365 4287 ΤάΙφύλλα
382 4222 422 4275 τῆς
444 4216 550 4277 πεύκης.)
573 4215 689 4278 Loquitur
741 4212 884 4276 seloqouti.

160 4292 224 4341 abies
235 4294 291 4342 Fah.
304 4299 344 4354 ³8,
359 4295 426 4357 lagos
446 4294 503 4343 Feb.
519 4299 557 4344 3⁶.
575 4295 690 4344 Phaedrus
775 4300 811 4341 12.
838 4291 940 4342 Ovidius
951 4289 1138 4352 neumorptos.
1156 4288 1235 4351 primo
1248 4290 1273 4337 io

161 4375 259 4434 prologo
272 4375 350 4436 primo
361 4390 367 4423 :
380 4396 390 4417 ιι
402 4374 473 4438 Qiiod
482 4374 580 4425 arbores
593 4376 690 4438 loquan-
742 4371 904 4434 descriptione
911 4370 989 4420 utatis
996 4382 1077 4421 aureae
1089 4382 1095 4416 :
1111 4375 1185 4418 «stou
1196 4368 1273 4417 etiem
