3300 5272
901 449 1079 510 ElllTOlllS
1100 449 1356 511 Pannoniam.

576 658 579 662 Α
618 598 697 664 Non
717 592 870 666 deerunt
893 595 1002 691 igitur
1022 596 1155 668 auxilia
1175 597 1310 667 critica.
1326 594 1437 683 Quod
1452 597 1482 666 si
1496 596 1627 669 menda

569 709 767 780 manserint
777 708 880 781 nullo
888 726 997 807 pacto
1008 710 1253 783 emendabilia
1267 710 1385 801 (verbi
1402 735 1520 799 causa,
1530 711 1648 808 spond

566 853 599 894 τε
621 821 680 908 ζῶν
699 830 737 897 τὸ
752 822 804 908 ζῆν
832 823 925 896 male
947 824 1049 896 inlati
1074 839 1212 922 quartae
1232 822 1358 916 sedi),
1378 840 1496 920 poetae
1522 826 1593 922 ipsi
1618 852 1650 896 v:

571 958 692 1014 tentur
714 942 821 1031 vitio;
839 942 997 1040 quidni?
1012 956 1165 1040 peccant
1181 956 1296 1039 poetae
1317 941 1374 1012 vel
1393 941 1650 1039 optimi3pec

567 1060 660 1130 verit
677 1083 789 1154 graece
803 1059 967 1130 scribens
987 1058 1102 1129 homo
1117 1057 1260 1128 latinus.
1275 1062 1363 1129 Nam
1381 1071 1526 1153 poetam
1549 1059 1609 1128 eui

569 1198 651 1245 men
670 1174 817 1265 Rabrio,
841 1175 985 1247 Valerio
1005 1173 1154 1260 Babrio,
1173 1174 1321 1244 natione
1337 1189 1374 1244 et
1391 1172 1512 1269 lingua
1538 1172 1624 1244 latin
1649 1219 1650 1232 .

569 1314 643 1361 esse
657 1291 801 1388 opinor.

618 1408 706 1492 Qnae
718 1406 749 1476 si
763 1430 821 1475 me
839 1429 914 1475 non
927 1402 1052 1475 fefellit
1064 1403 1205 1502 opinio,
1214 1404 1291 1500 jam
1309 1403 1350 1474 lit
1368 1403 1600 1475 manifestum
1615 1431 1650 1475 nt

570 1519 696 1592 vixisse
715 1520 884 1592 Babrium
902 1519 1027 1592 eadem
1046 1545 1119 1618 qua
1138 1521 1227 1591 Bion
1247 1535 1282 1592 et
1296 1519 1467 1591 Moschus
1483 1536 1643 1617 aetate3q

569 1636 850 1708 aetutehomines
862 1635 963 1707 latini
976 1661 1110 1730 graecos
1120 1661 1244 1707 versus
1256 1659 1331 1706 non
1345 1634 1636 1708 faciebantCens

439 1831 446 1843 ¹
570 1751 721 1822 runtalii
737 1750 906 1823 Babrium
921 1752 1014 1822 circa
1030 1751 1178 1846 Augusti
1196 1749 1518 1841 aevumfloruisse,
1534 1777 1627 1847 quos
1649 1806 1650 1813 .

569 1866 752 1962 gumentis
773 1889 857 1935 usos
881 1864 988 1935 luisse
1012 1864 1297 1963 speciosioribus
1322 1890 1430 1961 quam
1455 1864 1646 1935 validiorib

569 1980 730 2053 ostendit
740 1978 929 2051 Knucbius
943 1981 999 2050 vir
1017 1980 1129 2069 doct,
1142 2004 1252 2077 quem
1267 2005 1342 2050 non
1360 1978 1535 2050 exscribo.
1553 1983 1643 2050 Exsc

569 2096 653 2168 bam
671 2097 708 2167 in
730 2111 937 2168 transcursu
953 2096 1117 2168 bominis
1130 2096 1263 2168 literati
1278 2095 1406 2184 verba,
1427 2097 1463 2166 in
1480 2121 1562 2192 quae
1577 2123 1645 2167 nu

569 2210 809 2282 incidebam:
837 2241 853 2276 r
878 2211 1042 2300 Bebrias,
1073 2228 1199 2283 auctor
1230 2236 1381 2306 graecus,
1411 2212 1557 2305 Augusti
1591 2229 1647 2282 aet

570 2326 731 2396 «vixisse
754 2325 897 2396 videtur
899 2379 960 2395 .....
979 2325 1129 2397 Videtur
1150 2325 1227 2421 ejus
1249 2325 1452 2396 fabularum
1479 2351 1565 2396 usus
1592 2353 1638 2423 ap

569 2443 784 2513 «Romanos
820 2441 927 2512 luisse
965 2440 1294 2537 frequentissimus.
1337 2439 1520 2512 Suadebat
1553 2444 1646 2512 Sene

568 2585 584 2620 α
599 2556 716 2627 amico
731 2580 798 2626 suo
810 2555 980 2651 Polybio,
994 2554 1140 2627 Consul.
1158 2581 1215 2652 27,
1229 2554 1308 2626 illas
1323 2555 1433 2626 latine
1446 2572 1650 2627 converter.

570 2701 587 2736 α
602 2685 638 2741 et
658 2671 927 2758 Quintilianus,
955 2670 1068 2741 Instit.
1086 2674 1123 2756 Ι,
1143 2697 1185 2767 9,
1204 2694 1339 2766 pueros
1355 2669 1510 2765 jubebat
1530 2671 1626 2743 inter

570 2812 587 2847 α
602 2782 763 2876 gendum
780 2810 905 2856 versus
923 2783 1119 2856 solverent.
1132 2815 1149 2850 n
1162 2787 1251 2871 Quae
1262 2785 1291 2854 si
1303 2809 1425 2881 reapse
1444 2784 1612 2857 dixerunt
1639 2797 1650 2819 ·

571 2921 660 2968 neca
681 2913 716 2969 et
737 2900 1006 2988 Quintilianus,
1027 2916 1132 2971 tantae
1152 2916 1260 2972 testes
1277 2901 1520 2988 auctoritatis,
1545 2901 1649 2972 nullu

564 3010 641 3105 jam
657 3029 776 3110 potest
793 3040 870 3086 esse
889 3014 1113 3086 dubitationi
1134 3015 1247 3086 locus.
1270 3014 1340 3086 Sed
1359 3029 1413 3086 est
1430 3015 1476 3086 de
1492 3015 1621 3088 Bahrio
1642 3046 1650 3080 ·.

570 3141 649 3198 tum
678 3129 894 3216 Quintiliani
921 3155 963 3202 ac
984 3136 1130 3202 Senecae
1146 3130 1349 3217 silentium3
1372 3131 1508 3228 quique
1519 3132 1602 3205 talia
1619 3149 1643 3204 t.

570 3266 695 3314 secure
721 3268 765 3316 ao
795 3243 951 3317 fidenter
971 3244 1118 3335 alludit,
1141 3259 1214 3316 tota
1229 3245 1549 3342 pronuntiandum
1564 3263 1616 3318 est
1642 3279 1650 3312 a

571 3381 781 3429 ravrssevra.

619 3479 730 3549 Suam
753 3478 828 3575 ipse
853 3479 1002 3551 Babrius
1024 3478 1197 3551 indicavit
1217 3495 1358 3551 aetatem
1380 3482 1561 3553 Prooemio
1577 3482 1647 3553 alte

570 3609 654 3665 ante
680 3592 822 3664 literam
848 3619 926 3691 my,
948 3593 1112 3665 libellum
1129 3592 1272 3666 donans
1284 3619 1421 3666 novum
1441 3594 1517 3666 filio
1543 3603 1649 3685 βασιλε

570 3698 780 3804 Αλεξάνδρου,
800 3710 907 3803 regis,
933 3710 1049 3780 imruo
1074 3710 1323 3806 imperatoris,
1347 3709 1558 3798 Alexandri;
1577 3737 1649 3807 que

573 3820 689 3893 filium
711 3822 796 3893 Fab.
814 3827 878 3920 yd,
897 3839 933 3894 et
950 3824 1130 3896 Prooenrio
1147 3824 1270 3922 priore
1291 3824 1497 3895 Branchum
1521 3828 1648 3897 nomin

572 3937 632 4007 vit.
668 3936 724 4006 Ad
763 3937 864 4008 hunc
906 3938 1030 4009 locum
1068 3939 1223 4025 monui,
1248 3937 1312 4009 sed
1333 3937 1649 4037 dubitanter,p0s

572 4051 814 4123 Alexandrum
844 4056 1015 4124 Severum
1042 4053 1204 4151 intelligi.
1236 4059 1353 4151 Atque
1380 4055 1481 4151 quod
1508 4072 1642 4127 narrati

572 4166 656 4238 Fab.
681 4167 741 4264 57,
769 4167 816 4240 de
842 4169 1038 4257 Arabibus,
1057 4194 1150 4266 quos
1170 4169 1374 4240 mortalium
1395 4169 1645 4242 mendacissim

572 4297 740 4377 expertus
758 4283 821 4373 sit,
835 4284 871 4354 in
890 4283 1082 4355 hominem
1097 4310 1172 4355 non
1190 4284 1283 4354 male
1299 4283 1396 4355 cadit
1410 4287 1474 4382 qui
1489 4311 1574 4357 cum
1584 4291 1649 4357 Bra

573 4395 663 4487 cho,
680 4396 757 4470 filio
776 4399 967 4471 Alexandri
980 4401 1076 4495 Syri,
1093 4400 1233 4496 Syriam
1247 4399 1475 4474 habitaverit.
1495 4405 1566 4490 Qui
1585 4429 1633 4473 no
