<?xml version="1.0" encoding="UTF-8"?>
<!DOCTYPE html PUBLIC "-//W3C//DTD XHTML 1.0 Transitional//EN"
    "http://www.w3.org/TR/xhtml1/DTD/xhtml1-transitional.dtd">
<html xmlns="http://www.w3.org/1999/xhtml" xml:lang="en" lang="en">
 <head>
  <title>
</title>
<meta http-equiv="Content-Type" content="text/html;charset=utf-8" />
  <meta name='ocr-system' content='tesseract 3.04.00' />
  <meta name='ocr-capabilities' content='ocr_page ocr_carea ocr_par ocr_line ocrx_word'/>
</head>
<body>
  <div class='ocr_page' id='page_1' title='image "./desanctocyprian00blamgoog_0147.png"; bbox 0 0 3300 5272; ppageno 0'>
   <div class='ocr_carea' id='block_1_1' title="bbox 715 401 1575 467">
    <p class='ocr_par' dir='ltr' id='par_1_1' title="bbox 715 401 1575 467">
     <span class='ocr_line' id='line_1_1' title="bbox 715 401 1575 467; baseline 0.002 -6"><span class='ocrx_word' id='word_1_1' title='bbox 715 402 861 465; x_wconf 74' lang='lat' dir='ltr'><strong>utenti</strong></span> <span class='ocrx_word' id='word_1_2' title='bbox 888 402 1070 467; x_wconf 76' lang='lat' dir='ltr'><strong>FABULAE</strong></span> <span class='ocrx_word' id='word_1_3' title='bbox 1095 401 1314 465; x_wconf 79' lang='lat' dir='ltr'><strong>tvltt-ttx.</strong></span> <span class='ocrx_word' id='word_1_4' title='bbox 1520 413 1575 464; x_wconf 78' lang='lat' dir='ltr'><strong>itt</strong></span> 
     </span>
    </p>
   </div>
   <div class='ocr_carea' id='block_1_2' title="bbox 960 799 1080 868">
    <p class='ocr_par' dir='ltr' id='par_1_2' title="bbox 960 799 1080 868">
     <span class='ocr_line' id='line_1_2' title="bbox 960 799 1080 868; baseline 0.008 -3"><span class='ocrx_word' id='word_1_5' title='bbox 960 799 1080 868; x_wconf 82' lang='lat' dir='ltr'><strong>LVIII.</strong></span> 
     </span>
    </p>
   </div>
   <div class='ocr_carea' id='block_1_3' title="bbox 849 1140 1189 1201">
    <p class='ocr_par' dir='ltr' id='par_1_3' title="bbox 849 1140 1189 1201">
     <span class='ocr_line' id='line_1_3' title="bbox 849 1140 1189 1201; baseline -0.021 -2"><span class='ocrx_word' id='word_1_6' title='bbox 849 1141 975 1201; x_wconf 84' lang='lat' dir='ltr'><strong>tovts</strong></span> <span class='ocrx_word' id='word_1_7' title='bbox 1009 1140 1189 1200; x_wconf 74' lang='lat' dir='ltr'><strong>notum.</strong></span> 
     </span>
    </p>
   </div>
   <div class='ocr_carea' id='block_1_4' title="bbox 460 1500 1579 2440">
    <p class='ocr_par' dir='ltr' id='par_1_4' title="bbox 460 1500 1577 1738">
     <span class='ocr_line' id='line_1_4' title="bbox 502 1500 1577 1593; baseline -0.006 -26"><span class='ocrx_word' id='word_1_8' title='bbox 502 1504 518 1568; x_wconf 85' lang='lat' dir='ltr'><strong>l</strong></span> <span class='ocrx_word' id='word_1_9' title='bbox 523 1505 627 1593; x_wconf 88' lang='lat' dir='ltr'><strong>opiter</strong></span> <span class='ocrx_word' id='word_1_10' title='bbox 643 1504 676 1567; x_wconf 89' lang='lat' dir='ltr'><strong>in</strong></span> <span class='ocrx_word' id='word_1_11' title='bbox 693 1502 784 1568; x_wconf 94' lang='lat' dir='ltr'><strong>dolio</strong></span> <span class='ocrx_word' id='word_1_12' title='bbox 807 1525 908 1592; x_wconf 88' lang='lat' dir='ltr'><strong>quum</strong></span> <span class='ocrx_word' id='word_1_13' title='bbox 931 1519 1046 1568; x_wconf 85' lang='lat' dir='ltr'><strong>cuncta</strong></span> <span class='ocrx_word' id='word_1_14' title='bbox 1070 1503 1253 1593; x_wconf 83' lang='lat' dir='ltr'><strong>collegisset</strong></span> <span class='ocrx_word' id='word_1_15' title='bbox 1270 1501 1378 1582; x_wconf 87' lang='lat' dir='ltr'><strong>bona,</strong></span> <span class='ocrx_word' id='word_1_16' title='bbox 1399 1500 1431 1564; x_wconf 90' lang='lat' dir='ltr'><strong>id</strong></span> <span class='ocrx_word' id='word_1_17' title='bbox 1448 1501 1577 1588; x_wconf 90' lang='lat' dir='ltr'><strong>operuit</strong></span> 
     </span>
     <span class='ocr_line' id='line_1_5' title="bbox 460 1647 977 1738; baseline -0.002 -24"><span class='ocrx_word' id='word_1_18' title='bbox 460 1666 494 1714; x_wconf 88' lang='lat' dir='ltr'><strong>et</strong></span> <span class='ocrx_word' id='word_1_19' title='bbox 507 1648 679 1714; x_wconf 80' lang='lat' dir='ltr'><strong>collocarit</strong></span> <span class='ocrx_word' id='word_1_20' title='bbox 694 1647 781 1738; x_wconf 87' lang='lat' dir='ltr'><strong>apud</strong></span> <span class='ocrx_word' id='word_1_21' title='bbox 799 1648 977 1713; x_wconf 90' lang='lat' dir='ltr'><strong>hominem.</strong></span> 
     </span>
    </p>

    <p class='ocr_par' dir='ltr' id='par_1_5' title="bbox 460 1782 1577 2309">
     <span class='ocr_line' id='line_1_6' title="bbox 504 1782 1577 1877; baseline -0.006 -23"><span class='ocrx_word' id='word_1_22' title='bbox 504 1792 611 1854; x_wconf 87' lang='lat' dir='ltr'><strong>Homo</strong></span> <span class='ocrx_word' id='word_1_23' title='bbox 637 1804 745 1855; x_wconf 83' lang='lat' dir='ltr'><strong>nutem</strong></span> <span class='ocrx_word' id='word_1_24' title='bbox 771 1788 842 1872; x_wconf 88' lang='lat' dir='ltr'><strong>ille,</strong></span> <span class='ocrx_word' id='word_1_25' title='bbox 859 1789 1020 1877; x_wconf 85' lang='lat' dir='ltr'><strong>impotens</strong></span> <span class='ocrx_word' id='word_1_26' title='bbox 1037 1789 1087 1852; x_wconf 92' lang='lat' dir='ltr'><strong>sui</strong></span> <span class='ocrx_word' id='word_1_27' title='bbox 1115 1803 1148 1852; x_wconf 87' lang='lat' dir='ltr'><strong>et</strong></span> <span class='ocrx_word' id='word_1_28' title='bbox 1172 1787 1255 1852; x_wconf 88' lang='lat' dir='ltr'><strong>scire</strong></span> <span class='ocrx_word' id='word_1_29' title='bbox 1278 1787 1418 1875; x_wconf 81' lang='lat' dir='ltr'><strong>gestiens</strong></span> <span class='ocrx_word' id='word_1_30' title='bbox 1435 1782 1512 1872; x_wconf 93' lang='lat' dir='ltr'><strong>quid</strong></span> <span class='ocrx_word' id='word_1_31' title='bbox 1530 1784 1577 1848; x_wconf 91' lang='lat' dir='ltr'><strong>ibi</strong></span> 
     </span>
     <span class='ocr_line' id='line_1_7' title="bbox 460 1908 1574 2020; baseline -0.004 -25"><span class='ocrx_word' id='word_1_32' title='bbox 460 1930 590 2012; x_wconf 84' lang='lat' dir='ltr'><strong>lateret,</strong></span> <span class='ocrx_word' id='word_1_33' title='bbox 619 1930 775 2020; x_wconf 89' lang='lat' dir='ltr'><strong>operculo</strong></span> <span class='ocrx_word' id='word_1_34' title='bbox 805 1908 935 2012; x_wconf 80' lang='lat' dir='ltr'><strong>amoto,</strong></span> <span class='ocrx_word' id='word_1_35' title='bbox 965 1931 1054 1996; x_wconf 81' lang='lat' dir='ltr'><strong>bona</strong></span> <span class='ocrx_word' id='word_1_36' title='bbox 1080 1931 1228 2018; x_wconf 85' lang='lat' dir='ltr'><strong>permisit</strong></span> <span class='ocrx_word' id='word_1_37' title='bbox 1252 1930 1341 1994; x_wconf 84' lang='lat' dir='ltr'><strong>ubire</strong></span> <span class='ocrx_word' id='word_1_38' title='bbox 1367 1927 1503 1993; x_wconf 89' lang='lat' dir='ltr'><strong>deorum</strong></span> <span class='ocrx_word' id='word_1_39' title='bbox 1534 1927 1574 1991; x_wconf 87' lang='lat' dir='ltr'><strong>nd</strong></span> 
     </span>
     <span class='ocr_line' id='line_1_8' title="bbox 461 2066 1576 2157; baseline -0.004 -22"><span class='ocrx_word' id='word_1_40' title='bbox 461 2070 588 2153; x_wconf 87' lang='lat' dir='ltr'><strong>domos,</strong></span> <span class='ocrx_word' id='word_1_41' title='bbox 604 2069 747 2157; x_wconf 87' lang='lat' dir='ltr'><strong>illucque</strong></span> <span class='ocrx_word' id='word_1_42' title='bbox 760 2069 883 2152; x_wconf 84' lang='lat' dir='ltr'><strong>volare,</strong></span> <span class='ocrx_word' id='word_1_43' title='bbox 896 2093 934 2133; x_wconf 83' lang='lat' dir='ltr'><strong>nc</strong></span> <span class='ocrx_word' id='word_1_44' title='bbox 950 2069 1062 2157; x_wconf 87' lang='lat' dir='ltr'><strong>procul</strong></span> <span class='ocrx_word' id='word_1_45' title='bbox 1079 2092 1097 2134; x_wconf 82' lang='lat' dir='ltr'><strong>a</strong></span> <span class='ocrx_word' id='word_1_46' title='bbox 1114 2068 1206 2133; x_wconf 88' lang='lat' dir='ltr'><strong>terris</strong></span> <span class='ocrx_word' id='word_1_47' title='bbox 1221 2091 1348 2132; x_wconf 88' lang='lat' dir='ltr'><strong>sursum</strong></span> <span class='ocrx_word' id='word_1_48' title='bbox 1363 2066 1485 2156; x_wconf 83' lang='lat' dir='ltr'><strong>fugere.</strong></span> <span class='ocrx_word' id='word_1_49' title='bbox 1501 2067 1576 2131; x_wconf 85' lang='lat' dir='ltr'><strong>Sola</strong></span> 
     </span>
     <span class='ocr_line' id='line_1_9' title="bbox 460 2198 1538 2309; baseline -0.006 -34"><span class='ocrx_word' id='word_1_50' title='bbox 460 2226 569 2276; x_wconf 85' lang='lat' dir='ltr'><strong>autem</strong></span> <span class='ocrx_word' id='word_1_51' title='bbox 582 2209 737 2275; x_wconf 81' lang='lat' dir='ltr'><strong>remansit</strong></span> <span class='ocrx_word' id='word_1_52' title='bbox 752 2198 844 2298; x_wconf 82' lang='lat' dir='ltr'><strong>spes,</strong></span> <span class='ocrx_word' id='word_1_53' title='bbox 858 2232 955 2298; x_wconf 87' lang='lat' dir='ltr'><strong>quam</strong></span> <span class='ocrx_word' id='word_1_54' title='bbox 970 2209 1159 2297; x_wconf 88' lang='lat' dir='ltr'><strong>impositum</strong></span> <span class='ocrx_word' id='word_1_55' title='bbox 1176 2209 1327 2309; x_wconf 79' lang='lat' dir='ltr'><strong>repressit</strong></span> <span class='ocrx_word' id='word_1_56' title='bbox 1342 2207 1538 2296; x_wconf 86' lang='lat' dir='ltr'><strong>operculum.</strong></span> 
     </span>
    </p>

    <p class='ocr_par' dir='ltr' id='par_1_6' title="bbox 505 2349 1579 2440">
     <span class='ocr_line' id='line_1_10' title="bbox 505 2349 1579 2440; baseline -0.004 -24"><span class='ocrx_word' id='word_1_57' title='bbox 505 2351 632 2417; x_wconf 89' lang='lat' dir='ltr'><strong>Idcirco</strong></span> <span class='ocrx_word' id='word_1_58' title='bbox 650 2373 722 2439; x_wconf 88' lang='lat' dir='ltr'><strong>spes</strong></span> <span class='ocrx_word' id='word_1_59' title='bbox 741 2350 932 2417; x_wconf 76' lang='lat' dir='ltr'><strong>mortalibus</strong></span> <span class='ocrx_word' id='word_1_60' title='bbox 953 2349 1045 2417; x_wconf 86' lang='lat' dir='ltr'><strong>adest</strong></span> <span class='ocrx_word' id='word_1_61' title='bbox 1065 2351 1150 2435; x_wconf 84' lang='lat' dir='ltr'><strong>sola,</strong></span> <span class='ocrx_word' id='word_1_62' title='bbox 1174 2374 1212 2415; x_wconf 85' lang='lat' dir='ltr'><strong>nc</strong></span> <span class='ocrx_word' id='word_1_63' title='bbox 1232 2349 1441 2440; x_wconf 83' lang='lat' dir='ltr'><strong>fugitivorum</strong></span> <span class='ocrx_word' id='word_1_64' title='bbox 1462 2371 1579 2413; x_wconf 89' lang='lat' dir='ltr'><strong>unum·</strong></span> 
     </span>
    </p>
   </div>
   <div class='ocr_carea' id='block_1_5' title="bbox 459 2491 1444 2581">
    <p class='ocr_par' dir='ltr' id='par_1_7' title="bbox 459 2491 1444 2581">
     <span class='ocr_line' id='line_1_11' title="bbox 459 2491 1444 2581; baseline -0.003 -21"><span class='ocrx_word' id='word_1_65' title='bbox 459 2492 613 2581; x_wconf 89' lang='lat' dir='ltr'><strong>quodque</strong></span> <span class='ocrx_word' id='word_1_66' title='bbox 625 2493 790 2556; x_wconf 84' lang='lat' dir='ltr'><strong>bonorum</strong></span> <span class='ocrx_word' id='word_1_67' title='bbox 808 2491 981 2581; x_wconf 86' lang='lat' dir='ltr'><strong>pollicetur</strong></span> <span class='ocrx_word' id='word_1_68' title='bbox 997 2515 1031 2557; x_wconf 89' lang='lat' dir='ltr'><strong>se</strong></span> <span class='ocrx_word' id='word_1_69' title='bbox 1046 2495 1235 2559; x_wconf 80' lang='lat' dir='ltr'><strong>traditurum</strong></span> <span class='ocrx_word' id='word_1_70' title='bbox 1254 2516 1324 2558; x_wconf 89' lang='lat' dir='ltr'><strong>esse</strong></span> <span class='ocrx_word' id='word_1_71' title='bbox 1339 2493 1444 2559; x_wconf 85' lang='lat' dir='ltr'><strong>nobis.</strong></span> 
     </span>
    </p>
   </div>
   <div class='ocr_carea' id='block_1_6' title="bbox 979 2936 1066 3005">
    <p class='ocr_par' dir='ltr' id='par_1_8' title="bbox 979 2936 1066 3005">
     <span class='ocr_line' id='line_1_12' title="bbox 979 2936 1066 3005; baseline 0.034 -3"><span class='ocrx_word' id='word_1_72' title='bbox 979 2936 1066 3005; x_wconf 82' lang='lat' dir='ltr'><strong>LIX.</strong></span> 
     </span>
    </p>
   </div>
   <div class='ocr_carea' id='block_1_7' title="bbox 512 3211 1521 3284">
    <p class='ocr_par' dir='ltr' id='par_1_9' title="bbox 512 3211 1521 3284">
     <span class='ocr_line' id='line_1_13' title="bbox 512 3211 1521 3284; baseline -0.003 -11"><span class='ocrx_word' id='word_1_73' title='bbox 512 3213 719 3284; x_wconf 81' lang='lat' dir='ltr'><strong>JUPI&#39;I&#39;EII,</strong></span> <span class='ocrx_word' id='word_1_74' title='bbox 751 3212 1005 3284; x_wconf 83' lang='lat' dir='ltr'><strong>NEPTUNUS‚</strong></span> <span class='ocrx_word' id='word_1_75' title='bbox 1036 3212 1240 3274; x_wconf 74' lang='lat' dir='ltr'><strong>tttttssuvt</strong></span> <span class='ocrx_word' id='word_1_76' title='bbox 1272 3212 1327 3271; x_wconf 86' lang='lat' dir='ltr'><strong>ET</strong></span> <span class='ocrx_word' id='word_1_77' title='bbox 1357 3211 1521 3274; x_wconf 80' lang='lat' dir='ltr'><strong>uultus.</strong></span> 
     </span>
    </p>
   </div>
   <div class='ocr_carea' id='block_1_8' title="bbox 459 3519 1577 3731">
    <p class='ocr_par' dir='ltr' id='par_1_10' title="bbox 459 3519 1577 3731">
     <span class='ocr_line' id='line_1_14' title="bbox 502 3519 1577 3610; baseline 0.003 -25"><span class='ocrx_word' id='word_1_78' title='bbox 502 3522 616 3585; x_wconf 85' lang='lat' dir='ltr'><strong>lovem</strong></span> <span class='ocrx_word' id='word_1_79' title='bbox 646 3519 913 3608; x_wconf 89' lang='lat' dir='ltr'><strong>Neptunumque,</strong></span> <span class='ocrx_word' id='word_1_80' title='bbox 938 3534 971 3583; x_wconf 91' lang='lat' dir='ltr'><strong>et</strong></span> <span class='ocrx_word' id='word_1_81' title='bbox 995 3519 1122 3583; x_wconf 80' lang='lat' dir='ltr'><strong>tertium</strong></span> <span class='ocrx_word' id='word_1_82' title='bbox 1145 3522 1275 3610; x_wconf 84' lang='lat' dir='ltr'><strong>insuper</strong></span> <span class='ocrx_word' id='word_1_83' title='bbox 1299 3521 1477 3587; x_wconf 84' lang='lat' dir='ltr'><strong>Minervam</strong></span> <span class='ocrx_word' id='word_1_84' title='bbox 1496 3547 1577 3590; x_wconf 91' lang='lat' dir='ltr'><strong>con·</strong></span> 
     </span>
     <span class='ocr_line' id='line_1_15' title="bbox 459 3642 1515 3731; baseline 0.005 -24"><span class='ocrx_word' id='word_1_85' title='bbox 459 3642 602 3709; x_wconf 88' lang='lat' dir='ltr'><strong>tendisse</strong></span> <span class='ocrx_word' id='word_1_86' title='bbox 615 3642 721 3708; x_wconf 85' lang='lat' dir='ltr'><strong>ferunt</strong></span> <span class='ocrx_word' id='word_1_87' title='bbox 732 3643 816 3705; x_wconf 89' lang='lat' dir='ltr'><strong>inter</strong></span> <span class='ocrx_word' id='word_1_88' title='bbox 832 3665 881 3722; x_wconf 89' lang='lat' dir='ltr'><strong>se,</strong></span> <span class='ocrx_word' id='word_1_89' title='bbox 897 3642 968 3729; x_wconf 88' lang='lat' dir='ltr'><strong>quis</strong></span> <span class='ocrx_word' id='word_1_90' title='bbox 985 3642 1130 3730; x_wconf 84' lang='lat' dir='ltr'><strong>pulcram</strong></span> <span class='ocrx_word' id='word_1_91' title='bbox 1147 3642 1288 3731; x_wconf 78' lang='lat' dir='ltr'><strong>aliquam</strong></span> <span class='ocrx_word' id='word_1_92' title='bbox 1306 3669 1373 3710; x_wconf 84' lang='lat' dir='ltr'><strong>rem</strong></span> <span class='ocrx_word' id='word_1_93' title='bbox 1387 3646 1515 3712; x_wconf 80' lang='lat' dir='ltr'><strong>fuceret.</strong></span> 
     </span>
    </p>
   </div>
   <div class='ocr_carea' id='block_1_9' title="bbox 460 4038 1578 4421">
    <p class='ocr_par' dir='ltr' id='par_1_11' title="bbox 460 4038 1578 4344">
     <span class='ocr_line' id='line_1_16' title="bbox 485 4038 1575 4104; baseline 0.004 -12"><span class='ocrx_word' id='word_1_94' title='bbox 485 4046 516 4101; x_wconf 77' lang='lat' dir='ltr'><strong>t.</strong></span> <span class='ocrx_word' id='word_1_95' title='bbox 539 4047 575 4103; x_wconf 81' lang='grc' dir='ltr'><strong>Α,</strong></span> <span class='ocrx_word' id='word_1_96' title='bbox 599 4041 740 4104; x_wconf 68' lang='lat' dir='ltr'><strong>miloni.</strong></span> <span class='ocrx_word' id='word_1_97' title='bbox 757 4038 842 4100; x_wconf 75' lang='lat' dir='ltr'><strong>nul,</strong></span> <span class='ocrx_word' id='word_1_98' title='bbox 859 4040 989 4104; x_wconf 67' lang='grc' dir='ltr'><strong>κατωηφι.</strong></span> <span class='ocrx_word' id='word_1_99' title='bbox 1044 4039 1230 4092; x_wconf 62' lang='lat' dir='ltr'><strong>mouerunt</strong></span> <span class='ocrx_word' id='word_1_100' title='bbox 1249 4043 1303 4102; x_wconf 80' lang='lat'><strong>¹00,</strong></span> <span class='ocrx_word' id='word_1_101' title='bbox 1319 4053 1376 4091; x_wconf 88' lang='lat' dir='ltr'><strong>cum</strong></span> <span class='ocrx_word' id='word_1_102' title='bbox 1393 4041 1493 4092; x_wconf 77' lang='lat' dir='ltr'><strong>cultoris</strong></span> <span class='ocrx_word' id='word_1_103' title='bbox 1508 4047 1575 4096; x_wconf 76' lang='lat' dir='ltr'><strong>notu.</strong></span> 
     </span>
     <span class='ocr_line' id='line_1_17' title="bbox 460 4116 1578 4184; baseline 0.003 -14"><span class='ocrx_word' id='word_1_104' title='bbox 460 4119 597 4171; x_wconf 69' lang='lat' dir='ltr'><strong>sclrolems</strong></span> <span class='ocrx_word' id='word_1_105' title='bbox 611 4122 667 4182; x_wconf 76' lang='lat' dir='ltr'><strong>epte</strong></span> <span class='ocrx_word' id='word_1_106' title='bbox 688 4116 827 4180; x_wconf 73' lang='lat' dir='ltr'><strong>conjecerat</strong></span> <span class='ocrx_word' id='word_1_107' title='bbox 844 4117 991 4182; x_wconf 76' lang='grc' dir='ltr'><strong>καταλήφιι,</strong></span> <span class='ocrx_word' id='word_1_108' title='bbox 1078 4120 1099 4168; x_wconf 84' lang='lat' dir='ltr'><strong>t.</strong></span> <span class='ocrx_word' id='word_1_109' title='bbox 1116 4117 1319 4184; x_wconf 66' lang='lat' dir='ltr'><strong>verhrmtrplm</strong></span> <span class='ocrx_word' id='word_1_110' title='bbox 1329 4119 1419 4178; x_wconf 76' lang='grc' dir='ltr'><strong>τούτοις</strong></span> <span class='ocrx_word' id='word_1_111' title='bbox 1428 4118 1513 4180; x_wconf 64' lang='grc' dir='ltr'><strong>Ἀθηνᾶ</strong></span> <span class='ocrx_word' id='word_1_112' title='bbox 1522 4135 1578 4173; x_wconf 84' lang='lat' dir='ltr'><strong>eon·</strong></span> 
     </span>
     <span class='ocr_line' id='line_1_18' title="bbox 461 4195 1577 4264; baseline 0.001 -14"><span class='ocrx_word' id='word_1_113' title='bbox 461 4213 512 4264; x_wconf 83' lang='lat' dir='ltr'><strong>quo</strong></span> <span class='ocrx_word' id='word_1_114' title='bbox 533 4202 644 4261; x_wconf 82' lang='lat' dir='ltr'><strong>tempore</strong></span> <span class='ocrx_word' id='word_1_115' title='bbox 666 4197 802 4262; x_wconf 77' lang='lat' dir='ltr'><strong>sepissime</strong></span> <span class='ocrx_word' id='word_1_116' title='bbox 822 4209 895 4248; x_wconf 82' lang='lat' dir='ltr'><strong>utum</strong></span> <span class='ocrx_word' id='word_1_117' title='bbox 917 4196 992 4248; x_wconf 80' lang='lat' dir='ltr'><strong>tuisse</strong></span> <span class='ocrx_word' id='word_1_118' title='bbox 1046 4195 1270 4246; x_wconf 78' lang='lat' dir='ltr'><strong>Iurmcumtimili</strong></span> <span class='ocrx_word' id='word_1_119' title='bbox 1282 4195 1397 4259; x_wconf 77' lang='lat' dir='ltr'><strong>loquenti</strong></span> <span class='ocrx_word' id='word_1_120' title='bbox 1406 4197 1481 4248; x_wconf 84' lang='lat' dir='ltr'><strong>modo</strong></span> <span class='ocrx_word' id='word_1_121' title='bbox 1489 4201 1577 4264; x_wconf 74' lang='lat' dir='ltr'><strong>septo</strong></span> 
     </span>
     <span class='ocr_line' id='line_1_19' title="bbox 461 4272 1577 4344; baseline -0.001 -16"><span class='ocrx_word' id='word_1_122' title='bbox 461 4274 713 4343; x_wconf 74' lang='lat' dir='ltr'><strong>poetrmottentlitn.</strong></span> <span class='ocrx_word' id='word_1_123' title='bbox 725 4274 876 4336; x_wconf 58' lang='lat' dir='ltr'><strong>edhtm.</strong></span> <span class='ocrx_word' id='word_1_124' title='bbox 1046 4272 1577 4344; x_wconf 59' lang='grc' dir='ltr'><strong>ᾱὴοεᾱ.οο1.1εαῑπᾰοαι...χὼχρόως</strong></span> 
     </span>
    </p>

    <p class='ocr_par' dir='ltr' id='par_1_12' title="bbox 493 4353 1576 4421">
     <span class='ocr_line' id='line_1_20' title="bbox 493 4353 1576 4421; baseline 0.001 -17"><span class='ocrx_word' id='word_1_125' title='bbox 493 4353 994 4417; x_wconf 56' lang='grc'><strong>1111111101011141111.11111191</strong></span> <span class='ocrx_word' id='word_1_126' title='bbox 1047 4353 1147 4409; x_wconf 75' lang='grc' dir='ltr'><strong>ξυνὼν...</strong></span> <span class='ocrx_word' id='word_1_127' title='bbox 1167 4353 1247 4402; x_wconf 73' lang='grc' dir='ltr'><strong>καὶτὸ</strong></span> <span class='ocrx_word' id='word_1_128' title='bbox 1264 4359 1368 4417; x_wconf 76' lang='grc' dir='ltr'><strong>γενναῖον</strong></span> <span class='ocrx_word' id='word_1_129' title='bbox 1385 4357 1468 4421; x_wconf 68' lang='grc' dir='ltr'><strong>τρίτον.</strong></span> <span class='ocrx_word' id='word_1_130' title='bbox 1488 4366 1576 4421; x_wconf 80' lang='lat' dir='ltr'><strong>Quem,</strong></span> 
     </span>
    </p>
   </div>
   <div class='ocr_carea' id='block_1_10' title="bbox 0 0 1655 5272">
    <p class='ocr_par' dir='ltr' id='par_1_13' title="bbox 0 0 1655 5272">
     <span class='ocr_line' id='line_1_21' title="bbox 0 0 1655 5272; baseline 0 0"><span class='ocrx_word' id='word_1_131' title='bbox 0 0 1655 5272; x_wconf 95' lang='lat' dir='ltr'><strong> </strong></span> 
     </span>
    </p>
   </div>
  </div>
 </body>
</html>
