3300 5272
330 484 375 557 34
626 505 666 553 nn
691 504 889 555 ennrmsnn
913 506 1033 557 mres

324 636 379 734 gie
408 645 487 709 netu
515 632 675 731 legimns,
704 634 946 732 antiquissime
976 634 1179 710 Christiane
1205 632 1332 707 Allien

323 756 582 835 monuments¹.
934 845 941 858 ·

371 888 458 959 Cum
480 904 562 957 sere
585 883 622 957 in
638 880 850 956 (ἒὴιὶεῐὶαηοε
866 882 960 981 leges
976 883 1170 957 dirissimus
1184 879 1333 957 ediderit

324 1010 484 1098 Severus,
501 1006 602 1105 longe
622 1005 757 1103 lateque
773 1030 837 1103 per
854 1010 1029 1081 Romanas
1045 1008 1240 1104 provintias
1255 1030 1334 1105 per»

322 1131 453 1205 senune
470 1143 627 1227 grassata
646 1141 720 1219 est;
737 1130 772 1203 in
792 1153 861 1227 qua
882 1131 1102 1229 potissimum
1123 1130 1199 1204 etri
1222 1131 1333 1207 multu

320 1255 475 1352 perpessi
505 1254 656 1329 luerunt.
684 1255 737 1326 Ea
760 1254 927 1327 nimirum
958 1276 1066 1328 cause
1102 1255 1331 1329 Tertullianus

319 1378 437 1478 plnres
457 1380 594 1476 scripsit
615 1377 736 1468 libres,
759 1379 1004 1473 Apoloqetieum
1026 1378 1177 1467 scilieet,
1200 1381 1246 1453 an
1272 1404 1332 1453 nn·

319 1508 425 1579 tiones
448 1515 484 1577 et
500 1505 545 1576 ud
567 1503 747 1597 &aptum
767 1512 1037 1599 procuratorem,
1058 1514 1099 1577 ut
1117 1502 1329 1579 Christianos

318 1626 622 1702 vehementissime
652 1637 867 1724 oppugnatos
895 1638 947 1717 et,
973 1637 1014 1700 ut
1039 1628 1108 1715 eit,
1141 1626 1330 1703 decimatos

318 1762 597 1849 conquereretur.
623 1750 786 1823 Attamen
805 1751 895 1825 inter
920 1751 1072 1825 eruditus
1090 1750 1248 1827 homines
1271 1775 1331 1825 un·

318 1876 394 1973 glos
417 1874 554 1949 celeber
579 1872 779 1949 Dedwellue
805 1875 1025 1949 victimarum
1044 1874 1088 1949 de
1112 1874 1330 1951 multitudine

319 1997 449 2097 aliquid
466 1996 674 2073 demendum
697 2021 772 2071 esse
789 2001 948 2090 stetuit²‚
975 2023 1080 2098 quem
1097 2011 1135 2073 et
1152 2001 1331 2096 sapientis·

318 2122 405 2197 sime
422 2133 458 2196 et
478 2122 694 2218 apertissime
719 2122 918 2198 Ruinurtius
943 2136 1061 2198 noster
1076 2119 1327 2221 impugnavit&

317 2245 439 2344 Illique
459 2248 600 2343 insuper
629 2247 805 2344 suppetias
828 2247 890 2319 ivit
921 2245 1045 2323 doetus
1077 2245 1219 2343 quidem
1244 2249 1330 2323 Ger·

317 2394 441 2449 manus
471 2369 653 2463 Mosheim,
690 2369 752 2445 ssd
777 2371 932 2447 moribus
963 2383 1065 2469 etque
1091 2372 1181 2469 style
1211 2394 1329 2467 seper·

317 2495 448 2584 rimus,
472 2495 557 2591 qui,
587 2496 757 2569 Ruinartii
783 2496 864 2571 lieet
889 2497 1103 2593 provinciam
1133 2496 1325 2592 suscipiet,

321 2642 400 2693 eum
420 2630 538 2693 tumen
559 2600 597 2691 irs
616 2621 704 2692 leste
726 2621 930 2714 euplodende
948 2622 1116 2715 [riqislum
1134 2620 1262 2707 luisse,
1277 2630 1331 2693 ut

319 2759 400 2842 pete
419 2748 507 2821 inter
522 2744 664 2838 qatticas
684 2747 776 2817 nives
793 2756 961 2818 versatum
980 2743 1177 2817 fastidiosus
1198 2741 1329 2841 signifi·

321 2871 464 2945 est‘⁴.Si
472 2868 732 2965 quistemenres
740 2864 888 2962 simplici
897 2862 1060 2965 reeteque
1068 2868 1329 2963 sinpereurrere

322 3004 481 3090 exoptet,
508 2990 665 3088 sertaque
688 2989 921 3087 potissimum,
951 3012 1021 3065 nen
1049 2990 1163 3065 irrites
1192 2987 1329 3086 dissep-

322 3120 467 3193 tationes
496 3115 689 3212 conquiret,
722 3115 752 3185 ei
778 3114 854 3211 quis
882 3114 1076 3210 presertim
1099 3135 1167 3187 non
1200 3114 1329 3189 nimius

323 3245 512 3319 alienorum
532 3238 698 3330 laudetur,
712 3249 848 3313 nostres
861 3237 977 3336 ulique
994 3240 1030 3312 in
1052 3250 1326 3336 numerarunt,

325 3368 495 3444 Ruinertii
511 3377 585 3439 tum
608 3374 800 3462 martyrum
822 3374 900 3437 antu
924 3364 1070 3458 sineere,
1089 3376 1164 3441 tum
1187 3366 1329 3462 opime

323 3490 578 3567 dissertationes
596 3487 628 3562 ei
647 3486 747 3586 plene
765 3486 954 3565 sufficient.

357 3728 382 3774 t.
399 3719 477 3789 Apud
487 3716 609 3779 ltuinnrt
617 3720 644 3769 et
653 3714 890 3781 Mutinensem.
900 3718 1030 3781 ludent..
1045 3719 1075 3771 Τ.
1087 3716 1130 3771 lv.

355 3811 381 3856 2.
398 3800 518 3857 Dodwell
527 3840 535 3866 ,
545 3803 686 3853 Duxerat.
698 3801 788 3866 cypr„
798 3800 844 3854 xl.

356 3890 383 3939 3.
399 3884 481 3950 Μ.
495 3884 534 3938 nd
543 3886 611 3936 Acte
620 3884 773 3949 narrem
779 3885 894 3946 neena,
905 3886 969 3935 sset.
982 3881 1015 3934 ll.
1099 3928 1103 3936 .

357 3975 382 4020 4.
399 3968 465 4022 1.·1..
476 3964 611 4030 Mesheim,
628 3966 662 4017 de
669 3967 761 4017 AEtats
773 3965 927 4030 apeweettet
938 3963 1232 4031 reseruassemus
1240 3978 1330 4033 perte-

324 4057 434 4108 cunone
450 4054 537 4107 sevsrt
553 4051 718 4117 durumne,
739 4052 803 4101 sent.
818 4048 873 4101 Vll.
898 4046 1020 4115 Ejusdem
1033 4046 1102 4101 enni.
1111 4052 1145 4103 de
1157 4048 1329 4117 Athenaeum

323 4140 399 4189 aewte
409 4135 629 4188 decertationem.
647 4132 676 4184 ln
687 4130 810 4185 Bllllotlt.
821 4130 900 4185 rtet.
907 4130 968 4186 litt.
978 4130 1049 4199 sill
1060 4132 1171 4187 Μ.
1284 4160 1288 4167 -
