3300 5272
833 436 981 495 utuutt
1008 434 1176 495 tenuta
1206 432 1329 501 xxti..
1357 442 1368 471 ⁴
1595 445 1632 490 at

517 613 663 662 mentum
690 612 815 662 severat
840 598 1009 661 triticeum.
1038 598 1079 661 Et
1099 596 1177 680 ille,
1201 620 1301 663 vacua
1328 597 1462 686 longum
1485 615 1631 685 quassata

515 753 627 832 funda,
644 753 775 843 fugabat
788 776 860 819 aves
876 753 1037 844 perculsas
1053 772 1149 820 metu.

561 912 667 994 Quem
690 934 789 999 quum
815 911 1000 975 intellexere
1023 911 1124 976 lunda
1139 912 1306 978 ferientem
1328 935 1439 994 auras,
1458 912 1633 1002 despexere

518 1067 670 1159 deinceps
692 1085 729 1134 ut
750 1073 816 1156 jam
835 1094 901 1135 non
924 1071 1091 1159 fugerent,
1116 1070 1221 1136 donec
1237 1095 1301 1137 non
1324 1072 1442 1137 dlutius
1462 1074 1529 1162 egit
1546 1096 1631 1161 quo-

518 1197 617 1294 modo
633 1247 790 1312 sueverat,
809 1229 865 1295 sed
874 1232 967 1316 jactis
985 1229 1143 1320 lapidibus
1158 1230 1307 1296 contudit
1320 1233 1482 1322 plurimas.

561 1389 663 1455 Grues
676 1406 794 1473 autem,
810 1415 885 1481 agro
903 1391 1074 1471 derelicto,
1090 1392 1158 1455 aliae
1171 1392 1240 1456 aliis
1254 1423 1266 1447 ν
1279 1392 1306 1457 F
1306 1393 1451 1481 ugiamus
1468 1425 1479 1449 ι
1496 1392 1633 1456 crocita-

518 1550 609 1629 bant,
628 1580 640 1605 ι
654 1550 688 1613 in
703 1550 925 1639 Pygmaeorum
943 1551 1118 1638 regionem.
1137 1551 1246 1615 Homo
1261 1553 1321 1616 iste
1336 1575 1403 1616 non
1420 1552 1558 1642 amplius
1575 1576 1635 1616 nos

519 1740 530 1763 ν
549 1710 691 1773 territare
706 1710 788 1774 velle
799 1709 939 1792 videtum
957 1709 1013 1774 sed
1024 1711 1139 1799 incipit
1151 1714 1217 1796 jam
1233 1727 1265 1775 et
1281 1711 1384 1776 facere
1397 1712 1517 1799 aliquid
1533 1744 1554 1776 ι.

563 2063 601 2128 ld
625 2066 722 2129 habet
743 2064 978 2129 adhortationis
999 2063 1131 2129 fabula:
1160 2082 1310 2154 oportere
1336 2067 1459 2130 scilicet
1487 2068 1636 2131 homines

519 2226 574 2313 qui
591 2243 725 2314 peccant
735 2228 935 2297 monitorum
947 2250 1058 2315 parere
1068 2226 1281 2304 sermonibus,
1295 2250 1338 2290 ne
1349 2228 1448 2290 serius
1460 2225 1634 2313 aliquando

519 2387 600 2450 veris
615 2402 779 2451 tententur
790 2386 965 2451 doloribus.

517 2766 541 2802 c.
564 2759 606 2813 1ος
625 2752 718 2802 fabric.
738 2759 826 2815 opusc.
850 2766 873 2815 p.
890 2758 947 2811 151ς
965 2751 1048 2802 flardt.
1103 2751 1176 2801 cismi
1203 2752 1396 2814 permutatione,
1423 2752 1493 2801 sinen
1522 2753 1636 2814 reposui,

519 2831 692 2881 Dissertatione
703 2835 787 2893 quaet
799 2852 810 2874 ν
823 2832 968 2881 Ezechielem
981 2845 996 2880 n
1008 2837 1050 2893 Py·
1102 2832 1167 2894 quod
1180 2831 1281 2881 verbum
1290 2832 1417 2881 aenunuae
1426 2831 1580 2894 aptissimum
1589 2835 1635 2893 est;

518 2916 595 2980 gmels
610 2914 722 2965 liberat»
736 2914 837 2977 (scilicet
852 2928 867 2965 a
882 2913 1049 2973 Gomtnudin,
1103 2925 1163 2961 usus
1186 2912 1261 2962 etiam
1285 2912 1443 2974 Gnomolugio
1470 2912 1594 2974 Georgidae
1612 2913 1636 2960 in

518 2995 544 3044 in
555 2995 657 3055 vulgata
674 2998 809 3057 Pppntaetu
820 2995 845 3044 in
857 3008 934 3056 greca
946 3007 1050 3043 conver·
1103 2992 1164 3041 meis
1174 2992 1303 3042 anecdotis
1312 2998 1354 3041 Gr.
1366 2995 1383 3040 t.
1399 2999 1453 3055 t,p.
1463 2996 1503 3052 ³1,
1515 2992 1558 3054 qui
1573 2993 1637 3040 hanc

518 3074 587 3125 sione
602 3075 697 3138 φύλαξι,
710 3075 752 3125 sed
769 3075 820 3136 iarn
834 3074 929 3137 pridem
947 3074 978 3122 ab
997 3074 1050 3124 aliis
1102 3071 1225 3132 excerpsit
1235 3068 1399 3119 sententiani:
1410 3069 1513 3125 δεῖνταῖς
1523 3068 1637 3131 laidem

518 3153 668 3217 liberatum);
679 3155 780 3205 Pontaui
791 3154 950 3204 Theoremate
961 3153 992 3202 de
1007 3160 1051 3217 Py·
1102 3149 1266 3214 παραινέσεσιν
1283 3148 1337 3204 τοὺς
1354 3147 1479 3202 πταίοντας
1493 3146 1579 3204 elstra,
1598 3148 1637 3194 ive

518 3236 617 3297 gneio
636 3242 732 3285 names.
752 3235 784 3285 ad
803 3236 884 3298 eurip.
906 3235 959 3285 rtet.
981 3238 1049 3295 1191ς
1104 3229 1136 3288 μὴ
1157 3234 1207 3284 ταῖς
1226 3228 1249 3282 tt
1266 3227 1342 3290 leton
1356 3227 1401 3289 ὀψέ
1420 3226 1478 3275 πότε
1486 3226 1637 3289 emesan

519 3318 735 3366 creuzer.comm.
750 3314 837 3363 tterod.
857 3327 879 3376 p.
904 3316 954 3362 111.
975 3312 1050 3362 itabe-
1103 3308 1204 3363 ὸδύναις.
1224 3312 1282 3355 Fam
1299 3305 1382 3354 inveni
1394 3316 1542 3367 anonymam
1561 3306 1586 3352 et
1602 3303 1638 3352 sic

520 3393 579 3443 imsii
599 3407 676 3455 nugat
697 3396 791 3456 querat
822 3393 865 3456 qui
889 3392 1049 3442 unbeiaesium
1103 3386 1182 3447 edidi3
1195 3385 1237 3435 sed
1251 3398 1328 3447 nuper
1346 3385 1421 3434 elium
1432 3383 1556 3445 Georgidae
1570 3381 1637 3431 cott-

519 3478 593 3522 amat.
1103 3479 1157 3516 cem
1169 3478 1266 3514 mecum
1286 3464 1477 3514 communicarit
1500 3464 1581 3520 Μηνᾶς
1598 3462 1636 3509 vir

554 3561 588 3604 tt.
611 3554 728 3617 Πράσσειν
739 3571 761 3602 τι
776 3556 803 3602 ut
818 3553 844 3602 iu
854 3553 984 3603 Theocrito
1012 3556 1049 3612 11,
1103 3546 1184 3604 noct,
1196 3544 1220 3593 in
1231 3558 1280 3606 quo
1289 3545 1376 3606 iegitur
1385 3542 1486 3604 margini
1497 3542 1635 3605 appositum

520 3637 551 3683 70
563 3647 568 3682 :
579 3639 655 3683 ποιεῖν
669 3636 734 3682 'cedei
749 3633 775 3689 ἇς
787 3634 844 3696 γόνυ
861 3632 961 3695 χλωρόν.
975 3631 1011 3681 Cl.
1022 3636 1049 3680 F.
1103 3638 1193 3675 numen
1210 3625 1321 3690 Bussplou.
1338 3626 1429 3675 Poterit
1444 3623 1551 3687 ptaelerri
1566 3621 1637 3671 lectio

519 3718 596 3775 111,1;
608 3719 647 3775 59,
661 3718 698 3769 17,
709 3717 733 3762 et
743 3712 865 3775 Euripidis
878 3711 957 3760 iocum
972 3725 997 3773 p.
1011 3714 1049 3759 17.
1103 3707 1271 3771 mamerto,
1290 3704 1333 3755 sed
1351 3719 1400 3755 non
1416 3705 1519 3754 multum
1534 3703 1636 3752 interest

551 3797 577 3841 ln
592 3793 764 3842 allabulatione
776 3800 804 3855 Α,
814 3794 887 3849 ἥκειν.
906 3796 970 3840 Usus
990 3789 1051 3838 iota·
1104 3785 1281 3850 cunctipater.
