3300 5272
478 492 543 543 reu
567 493 731 543 nrsronus
754 493 820 543 rou
845 494 1010 543 neorunrs.
1178 472 1243 545 169

234 624 382 695 tinorum
403 603 608 720 scriptorum
629 634 663 694 et
679 622 852 719 ingenium
874 635 908 694 et
920 619 1054 694 dicendi
1073 623 1242 699 rationem

235 758 440 838 monstrent,
457 770 535 843 quae
550 748 705 819 animum
720 746 911 844 significent
928 747 1082 820 alitteris
1095 771 1164 818 non
1182 746 1243 818 ab·

233 871 444 956 horrentem,
469 894 547 968 quae
565 868 711 967 denique
735 870 945 968 imaginandi
966 871 1037 942 vim
1063 870 1243 942 mirificam

235 992 420 1066 declarent.
448 993 507 1067 llle
536 995 627 1067 enim
657 997 753 1091 quani
780 1018 893 1067 scenae
911 1017 1077 1091 personas
1099 995 1243 1089 iuterse
1303 1038 1306 1044 ·

236 1117 470 1218 colloquentes
483 1118 627 1209 inducit,
643 1118 771 1191 fictitiis
792 1118 964 1192 coloribus
983 1116 1129 1190 tabellas
1145 1140 1246 1214 quas·

234 1238 318 1313 libet
336 1242 471 1332 imbuit,
493 1241 646 1316 abundat
669 1242 891 1333 ornamentis,
912 1240 1062 1315 flosculis
1082 1242 1243 1314 amoenis·

165 1438 167 1441 ,
234 1389 302 1462 que
320 1367 527 1465 imaginibus
549 1367 783 1464 distinguitur,
807 1364 1001 1465 neptevtssn,
1018 1366 1131 1462 inquit
1150 1363 1244 1436 Psel-

234 1489 324 1582 lus¹,
341 1490 440 1572 λέξεσι
459 1496 611 1573 clodericum
634 1495 686 1562 καὶ
706 1499 875 1589 σχημάτων
897 1494 1050 1562 ποικίλλει
1071 1485 1240 1586 ροδωνιαῖς.

235 1615 443 1685 ltatotavita
454 1615 696 1709 llctaphrastae
708 1615 906 1714 juveniliter
919 1595 956 1687 se
975 1616 1074 1712 gerit,
1091 1625 1243 1711 aetasque

181 1759 182 1765 ¹
235 1742 476 1834 ingravescens
498 1739 704 1813 viriditatem
732 1740 778 1812 ab
808 1764 848 1813 eo
875 1764 944 1812 non
965 1739 1088 1823 aufert,
1107 1740 1244 1835 ingenio

234 1861 355 1935 florido
369 1875 471 1960 atque
484 1862 659 1950 frondoso,
676 1889 854 1961 nunquam
868 1864 1075 1936 luxuriantia
1087 1885 1244 1961 compes·

234 1989 337 2061 centi.
363 1989 563 2061 Diutissime
587 1988 760 2086 simplices
784 1986 1014 2084 candidosque
1032 1989 1166 2059 animos
1186 1984 1244 2057 ille

233 2112 434 2210 permulsit3
455 2112 611 2187 delicatis
626 2114 710 2212 ipsis
732 2125 768 2187 et
783 2113 910 2185 limatis
925 2111 1068 2184 fortasse
1086 2133 1155 2184 non
1171 2108 1242 2182 dis·

233 2237 406 2334 plicebit..

269 2455 292 2503 t.
309 2455 496 2519 Ponccyrtcuo,
510 2458 538 2506 tn
549 2455 648 2506 Atlotto
661 2453 694 2505 dc
702 2455 851 2505 simeonem
863 2454 983 2517 scopus,
995 2463 1021 2517 p.
1037 2453 1077 2501 23.
