3300 5272
538 422 686 484 BhBRU
719 424 888 486 rituti
923 425 1033 485 cxiv.
1291 434 1347 485 22³

724 882 845 948 CXIV.

677 1165 893 1226 Luceant

270 1557 413 1621 Lucerna
438 1556 558 1620 affatim
582 1557 679 1645 plens
707 1556 781 1620 oleo
802 1559 928 1645 vesperi
948 1557 1147 1646 gloriabatur
1161 1581 1271 1622 coram
1286 1558 1346 1623 ad·

228 1681 405 1763 stantibus,
423 1703 457 1744 se
473 1679 607 1744 lucifero
623 1679 854 1769 fulgentiorem
876 1703 956 1762 esse,
973 1681 1097 1745 cunctis
1119 1703 1191 1769 quae
1208 1683 1348 1747 mitteret

223 1802 329 1867 lucem
343 1803 646 1892 splendidissimam.

268 1930 332 1995 Sed
348 1946 462 1994 ventus
480 1930 637 2012 sibilavit,
653 1931 826 2018 subitoque
845 1932 907 1995 fuit
924 1933 1092 2014 exstincta,
1110 1931 1239 1997 flabello
1256 1930 1347 1996 ssatus

225 2054 388 2118 ventilata.

243 2177 374 2260 ,Quam
398 2201 507 2241 rursus
533 2177 712 2243 accendens
729 2178 857 2267 aliquis,
889 2180 1045 2244 «Debilis
1063 2211 1075 2236 υ
1096 2181 1157 2263 ait,
1180 2180 1347 2244 «lucernae

164 2300 166 2304 ’
223 2333 236 2358 ι
250 2303 379 2389 spiritns
395 2319 470 2366 erat.
490 2305 661 2368 Astrorum
677 2326 754 2368 vero
770 2303 824 2367 lux
838 2326 906 2367 non
923 2304 1119 2368 emoritur».

269 2592 374 2655 Docet
391 2615 450 2655 nos
467 2592 575 2655 fabula
592 2593 687 2656 nobis
705 2615 771 2656 non
793 2593 1051 2658 insolescentium
1069 2615 1139 2657 esse
1155 2592 1253 2658 rebus
1274 2592 1347 2656 vitre

224 2719 402 2805 prosperis,
419 2718 503 2782 bene
518 2720 573 2804 qni
587 2719 772 2785 noverimus
787 2719 871 2783 nihil
889 2741 959 2784 esse
977 2719 1102 2784 stabile.

221 3117 334 3173 itifishv.
352 3120 430 3169 vertit
444 3118 564 3170 Grotius:
587 3141 599 3159 a
619 3124 646 3168 in
665 3131 753 3168 sonim
805 3117 828 3165 τί
838 3117 913 3179 μάτην
924 3118 1051 3181 ὑψούμενοι
1063 3117 1205 3181 ἐκριζοῦσθε.
1227 3120 1348 3179 Propone·-

221 3197 321 3246 auiiians
331 3199 468 3249 Demetrius
481 3198 667 3258 artemidorem
679 3198 753 3258 eiecit
807 3198 849 3247 bat
860 3198 986 3260 hpoipnvor
1001 3198 1166 3259 ἐκφυσιοῠσθε,
1174 3195 1240 3258 quod
1248 3210 1263 3245 a
1271 3192 1347 3245 verbo

221 3277 312 3340 (tenuis
327 3282 376 3327 tam
397 3279 442 3328 init
458 3279 508 3340 iiio)
524 3278 626 3328 riorno».
647 3278 699 3327 aiia
716 3278 753 3327 est
805 3281 921 3339 corrupto
943 3277 1049 3324 immane
1073 3279 1192 3338 quantum
1215 3274 1345 3337 discrepat.

221 3356 753 3419 sententia,seiiicetadaniidoraedormienti
805 3355 1347 3418 Editorismonitumesthoocezaopsopoeua

220 3436 371 3485 Demetrium
382 3450 459 3499 quum
472 3437 566 3487 iiabeiio
577 3442 679 3487 renium
689 3437 754 3484 inoe-
808 3448 823 3485 e
841 3436 983 3497 coniectura
999 3447 1032 3482 an
1049 3432 1254 3496 typographorum
1272 3432 1346 3491 vitio,

222 3516 269 3575 rat,
280 3528 334 3564 eam
345 3517 527 3577 gracilissimam
539 3530 553 3566 e
563 3519 630 3566 tecto
646 3515 754 3577 ejecisse.
809 3517 955 3581 ἑκροιζοῡσθε
963 3535 983 3560 ιι.
991 3515 1114 3575 stravius,
1122 3512 1186 3577 quod
1195 3513 1299 3563 disooex
1308 3514 1347 3562 oi·

224 3597 265 3642 Est
280 3593 358 3656 tona,
372 3597 474 3657 tectum,
488 3595 554 3660 quod
570 3595 665 3645 ostendi
680 3609 704 3657 p.
718 3599 754 3644 io.
809 3595 908 3644 datiano
919 3595 1055 3654 rhemum,
1065 3595 1197 3659 ἰκριζοῡσθε
1216 3607 1260 3656 pro
1272 3593 1348 3658 inpot-

223 3674 381 3724 Iiormiehani
401 3689 454 3739 pras
467 3680 547 3727 calore
558 3676 634 3725 nimio
645 3675 670 3724 in
684 3675 757 3724 tectis
810 3677 892 3733 ζοῦσθε
902 3674 1028 3735 legendum
1040 3674 1144 3732 notant.
1155 3673 1225 3723 etsie
1237 3673 1287 3735 iam
1297 3672 1347 3722 edi·

224 3753 315 3803 redium
328 3753 420 3816 planis,
433 3755 497 3817 quod
508 3758 533 3804 et
543 3766 609 3804 nuno
619 3754 645 3803 in
656 3753 757 3816 regioni·
810 3758 864 3805 tum
877 3755 902 3804 in
911 3754 1077 3817 Tireophiloet
1085 3753 1230 3803 castalione.
1242 3752 1288 3802 sed
1296 3764 1347 3815 quo

225 3831 383 3882 inmorientis
395 3834 503 3883 solitum.
811 3837 900 3884 sensu?
909 3837 1056 3897 interpretes
1069 3833 1138 3882 latini
1153 3833 1298 3882 sententiam
1307 3845 1346 3882 ωδ

257 3917 280 3960 5.
298 3911 389 3960 Fabula
408 3913 505 3971 coliata,
520 3913 547 3962 ἐκ
565 3913 687 3977 δευτέρου·
710 3924 759 3974 qua
812 3920 932 3978 qnnntnr,
943 3928 992 3962 non
1006 3913 1087 3976 ipsum
1098 3912 1253 3961 roeahninm.
1269 3919 1348 3976 opso-

225 3989 329 4040 iormnia
347 3992 447 4042 Bahrius
463 3996 502 4040 est
517 4004 577 4042 usos
590 3991 711 4041 Proremio
725 3990 759 4039 ai·
812 4007 881 4058 poeus
896 4006 982 4042 rerum
1012 3992 1083 4040 vidit.
1122 3994 1164 4041 Est
1202 3992 1348 4055 ὶκροιζοῠσθε

224 4072 277 4118 tero
294 4083 317 4118 v.
338 4074 375 4132 ia,
392 4074 449 4120 ante
463 4076 488 4119 1³.
503 4077 555 4121 10⁸.
573 4071 639 4120 uixit
650 4083 716 4119 nune
731 4071 758 4120 tx
812 4073 966 4137 aptissimum
984 4091 990 4120 ι
1010 4089 1022 4112 κ
1033 4069 1092 4132 quid
1108 4069 1271 4132 perstrepitis,
1289 4082 1347 4120 cum

226 4150 331 4216 δευτέρης
346 4151 427 4201 hiatus
442 4151 536 4200 vitandi
546 4163 628 4200 causa.
812 4151 915 4214 strepitu
929 4149 1055 4212 inceditis,
1072 4149 1190 4199 diritatis
1203 4151 1309 4214 soperhs
1319 4165 1348 4201 aa

258 4229 442 4280 iiiahulstionis
451 4231 555 4280 rathum
566 4231 706 4293 φυσιοῡσοαι
721 4241 758 4279 re·
813 4228 903 4278 iaatoae
914 4247 926 4271 n
937 4231 947 4276 i
959 4232 983 4278 et
994 4227 1083 4277 aimiiia
1096 4227 1152 4277 alia.
1170 4231 1233 4277 itoia
1247 4227 1349 4279 aditoria

225 4309 326 4359 stituera
345 4312 453 4360 auratus
474 4309 609 4359 eomhatur
624 4308 706 4358 venui
723 4308 758 4357 si·
810 4307 936 4370 Theophili
956 4322 981 4371 p.
1001 4311 1048 4358 iit
1062 4307 1210 4358 Haunianae
1228 4311 1348 4359 memorat

194 4435 200 4441 .
225 4387 297 4451 haiim
307 4393 424 4454 corrupto
434 4396 538 4442 Pmoem.
558 4390 754 4452 sommum,
810 4387 939 4438 excaiiaso
948 4386 1344 4453 hmitseiemoodetbonomest.
