3300 5272
555 447 701 548 BAlillll
734 448 903 510 FABULA
935 450 1027 508 XCV.
1071 446 1073 450 ⁴
1289 451 1347 508 θθθ·

233 636 246 661 ι
262 606 400 669 excitare
416 622 448 669 te
470 621 619 688 veterno,
640 631 751 673 aurem
777 607 935 674 vellicavit
956 621 1048 696 peter
1063 606 1164 670 veluti
1179 607 1348 671 moribun-

232 762 244 785 ν
261 729 329 794 dus.
349 731 388 793 ln
403 753 442 794 eo
457 747 524 795 erat
539 733 625 796 enim
641 749 680 796 ut
692 733 842 797 mandata
859 732 917 796 tibi
934 747 1048 796 cuncta
1065 730 1172 812 daret,
1187 731 1232 795 de
1248 731 1346 796 modo

233 877 327 941 aquo
351 854 522 942 imperium
547 870 673 920 tantum
701 857 820 920 tuearis
847 853 1113 943 acceptum..Sed
1140 869 1174 918 tu
1200 853 1347 918 invalidae

231 977 491 1044 «vellicationem
509 1002 621 1044 manus
639 1003 705 1044 non
731 981 930 1061 sustinuisti,
953 1002 1008 1060 ac,
1035 980 1066 1041 vi
1093 995 1124 1042 te
1145 980 1342 1067 subripiens,

231 1101 373 1166 «vulnus
391 1101 495 1166 fecisti
513 1104 649 1191 gratim.
669 1103 711 1168 Et
726 1127 813 1169 nunc
830 1104 885 1168 ille
903 1104 1001 1193 magis
1019 1127 1119 1191 quam
1132 1119 1168 1166 tu
1186 1103 1343 1184 irascitur,

230 1254 242 1280 «ι
258 1240 404 1313 expertus
423 1241 453 1290 te
476 1226 599 1293 scilicet
614 1227 687 1316 plus
702 1229 806 1292 nimio
822 1225 1043 1308 diffidentem,
1060 1249 1097 1291 ac
1109 1228 1216 1290 levem
1229 1225 1327 1290 animi
1335 1248 1348 1307 ς·

230 1381 243 1405 ι
258 1350 365 1438 aitque
379 1349 463 1414 velle
487 1374 521 1415 se
540 1349 653 1440 lupum
676 1353 871 1417 constituere
886 1374 1006 1440 regem.
1028 1351 1209 1415 Heimihi!
1226 1349 1345 1412 malum

229 1504 242 1529 «
258 1473 438 1538 dominuml
461 1472 541 1562 quid
567 1475 680 1564 agam?
706 1477 811 1547 Nobis
836 1493 950 1541 auctor
972 1476 1107 1540 miseriae
1129 1477 1253 1538 cunctis
1276 1473 1342 1537 fiest

228 1596 319 1660 «Sed
344 1598 468 1678 venito,
495 1613 526 1661 et
551 1613 583 1661 te
611 1596 762 1687 deinceps
781 1615 895 1687 praesta
919 1599 1114 1680 animosam,
1141 1618 1201 1661 nec
1224 1598 1344 1685 parites

228 1721 423 1802 aexterrita,
440 1721 529 1784 velut
547 1745 585 1786 ex
612 1745 709 1811 grege
733 1722 875 1787 ovicula!
901 1723 1030 1805 Etenim
1054 1721 1114 1785 tibi
1132 1743 1189 1817 per
1211 1721 1345 1785 arbores

227 1847 326 1928 «juro
343 1859 473 1908 cunctas
496 1859 693 1933 cunctosque
715 1845 820 1910 fontes
836 1846 895 1933 (sic
919 1846 999 1909 mihi
1021 1846 1189 1933 contingat
1210 1845 1266 1907 uni
1281 1865 1344 1907 ser·

228 1997 241 2021 ι
253 1967 320 2030 vire
336 1966 446 2053 tibii),
464 1968 652 2055 neutiquam
674 1969 802 2042 hostem
818 1992 887 2033 esse
903 1970 970 2045 ,tibi
995 1969 1141 2050 leonem,
1165 1967 1220 2033 sed
1247 1971 1342 2056 pecu·

227 2121 240 2147 «
255 2090 326 2154 liari
349 2112 414 2180 prae
431 2090 656 2164 benevolentia
682 2107 874 2161 cunctorum
899 2115 1010 2157 creare
1036 2109 1068 2156 te
1094 2091 1341 2165 dominamani

229 2245 241 2270 a
256 2215 414 2278 mentium
429 2245 451 2279 ν.

272 2393 361 2456 Talia
377 2391 548 2480 garriendo
560 2394 714 2481 persuasit
728 2415 871 2474 cernam,
889 2407 925 2456 ut
939 2390 1088 2455 eumdem
1103 2392 1217 2455 iterum
1231 2413 1342 2454 orcum

228 2514 401 2579 accederet.

272 2694 351 2774 Quae
369 2716 468 2780 quum
486 2694 568 2757 saltu
586 2695 648 2758 fuit
671 2696 825 2759 interiore
852 2697 1019 2775 conclusa,
1044 2694 1095 2758 leo
1120 2694 1250 2783 epulum
1273 2694 1341 2782 ipse

227 2816 342 2880 habuit
370 2816 531 2905 opimum,
559 2841 670 2884 carnes
691 2818 872 2907 deglutiens
898 2818 1007 2901 avide,
1026 2819 1161 2882 sorbens
1184 2816 1340 2882 medullas

226 2939 367 3021 ossium,
387 2962 565 3029 voransque
579 2942 710 3006 viscera.

271 3117 405 3181 interim
428 3118 531 3181 stabat
551 3119 674 3205 pararia
699 3116 837 3206 praedam
861 3117 1019 3196 esuriens,
1045 3138 1081 3178 ac
1106 3137 1162 3178 cor
1176 3117 1339 3178 cervinum

225 3546 309 3593 uuam,
326 3532 408 3582 liberis
427 3533 480 3582 eliis
490 3551 514 3582 ν.
534 3533 574 3582 sic
593 3533 640 3582 sibi
658 3535 752 3595 opturet
805 3532 875 3581 uitii
889 3531 988 3595 εἰςᾷθην
1001 3549 1024 3579 ν.
1041 3530 1095 3581 vid.
1107 3535 1195 3582 amus
1206 3522 1336 3580 sdArisio·

224 3611 282 3661 meli
291 3610 389 3675 aliquid.
403 3598 533 3661 Alitsruon
542 3611 711 3674 videnrrloqul
721 3611 752 3661 sd
805 3609 860 3659 telis
874 3609 1075 3673 nister-,Animal
1090 3607 1222 3671 ,Ammtdn
1237 3622 1260 3671 p.
1281 3613 1334 3658 iio.

225 3690 405 3751 persuasionem
415 3684 596 3752 mtissppos'ite.
836 3695 874 3740 9⁰.
899 3695 935 3750 A,
959 3680 1081 3748 παποίην.
1100 3689 1191 3752 Reoepi'
1207 3689 1335 3738 lectionem

256 3775 294 3820 85.
312 3770 403 3819 Fabula
415 3769 504 3818 collatu
515 3782 538 3832 ι).
550 3775 595 3820 2θῖ
607 3785 613 3817 :
626 3771 696 3832 μηδὲν
708 3787 752 3818 κα·
805 3767 886 3817 Suidoe
908 3770 931 3816 in
951 3768 1097 3827 Πανθοίνην,
1116 3767 1271 3817 πανδαισίαν·
1289 3765 1335 3815 Βά-

223 3851 265 3898 siv
275 3852 356 3899 παθεῖν
367 3851 430 3914 παρὰ
441 3854 484 3899 τοῦ
493 3850 592 3905 λέοντος.
601 3855 690 3898 Forsan
699 3849 753 3899 sub·
805 3851 875 3915 tipice
891 3868 903 3892 ν
916 3850 982 3899 Λέων
998 3851 1039 3913 μὲν
1055 3850 1124 3906 αὐτὸς
1136 3849 1186 3911 sixt
1198 3849 1265 3898 δαῖτα
1279 3865 1337 3898 παν·

224 3927 373 3977 audiendum
385 3930 466 3977 menie
482 3929 576 3985 ποιήσει
594 3932 648 3990 posi
663 3929 752 3994 ἐχθρόν.
806 3930 900 3990 θοίνην,
922 3929 1029 3991 Ἐγκατα
1110 3928 1236 3977 θάπτων».
1255 3926 1337 3978 suidas

224 4012 313 4055 Forsan
324 4005 450 4068 legendum
460 4006 547 4072 ἐχθρός.
806 4009 936 4072 explicatio
953 4023 1001 4057 nou
1013 4009 1113 4058 omniuo
1129 4009 1192 4058 bona
1204 4010 1241 4059 eet
1243 4021 1335 4072 ,quum

806 4088 848 4149 sit,
859 4088 983 4145 πανδοίνην
995 4087 1145 4150 epithetum,
1158 4082 1333 4152 niscripserit:

255 4167 293 4213 87
311 4168 341 4224 A,
356 4163 503 4214 αοπίλλοναα.
517 4162 621 4215 fluidas:
633 4167 749 4215 κωτίλλω·
802 4184 849 4216 παν
851 4167 928 4225 θοίνην
952 4167 1034 4229 δαῖτα,
1054 4168 1202 4218 πανδαισίαν,
1229 4167 1277 4218 Pto
1300 4166 1334 4218 le·

223 4240 419 4306 πανουργεΰομαι,
428 4242 501 4290 λαλῶ.
512 4241 619 4307 Βάδρης
632 4244 751 4293 «Τοιαῦτα
804 4245 884 4295 odone
895 4244 975 4296 suidas
990 4245 1085 4296 θάπτων
1096 4248 1134 4296 esi
1150 4245 1243 4297 λάπτων
1260 4246 1286 4298 in
1302 4254 1332 4310 A,

222 4319 403 4368 ννπίλλονσα..
413 4319 525 4383 .ᾅδηνι.
503 4319 631 4370 uidem:
645 4319 751 4384 θχαιΐνη,
804 4322 869 4387 quod
885 4321 1030 4391 mistui,
1052 4336 1129 4429 quum
1155 4327 1274 4424 scopatur
1285 4324 1333 4376 ts·

222 4398 373 4460 ἡθλαφος..
383 4395 566 4461 sodimis<
580 4400 746 4448 «Tacita--
803 4416 863 4451 mu.
939 4396 942 4404 ’
