3300 5272
397 484 436 548 rt
802 500 973 548 caussato.

392 630 448 709 ris,
475 631 506 692 in
528 627 746 694 assiduissimo
761 636 832 693 tum
846 647 999 712 agrorum
1018 634 1091 692 tum
1115 645 1293 713 pauperum
1310 647 1396 693 com-

392 744 512 809 moreio
524 749 702 807 versantur.
715 742 843 826 AEgypti
856 743 971 806 veteris
980 743 1063 805 inter
1072 742 1182 805 ruinas
1194 748 1227 804 et
1240 740 1394 822 tumulos,

393 858 556 924 radicibus
576 857 687 942 paucis
700 864 795 941 atque
810 855 934 921 modica
956 857 1096 920 contenti
1119 875 1214 939 aqua,
1234 864 1301 933 aut,
1317 858 1395 921 Car·

394 972 467 1037 meli
483 990 583 1056 prope
598 972 694 1054 oleas,
713 972 801 1035 tenui
818 972 904 1035 olere
920 971 997 1043 laeti,
1016 971 1157 1035 Orientis
1176 972 1298 1055 priores
1320 971 1396 1036 soli-

392 1088 465 1151 tarii
487 1088 585 1151 animi
608 1087 709 1151 cultui
735 1106 860 1151 omnem
881 1104 1010 1169 operam
1036 1086 1213 1165 navabant3
1239 1086 1299 1169 qui
1320 1104 1397 1150 vero

391 1203 478 1288 apud
503 1202 720 1268 Occidentules
742 1203 841 1266 vitam
866 1203 995 1284 vivunt,
1026 1203 1061 1266 in
1084 1202 1206 1266 arando
1225 1200 1396 1281 desudant,

391 1316 497 1381 dumis
508 1318 663 1381 eutrieaut
672 1336 778 1401 agros,
788 1317 963 1398 agitantur,
974 1319 1059 1381 iuter
1072 1317 1217 1400 eorporis
1230 1315 1356 1380 labores
1366 1324 1399 1380 et

392 1432 506 1496 mentis
525 1432 630 1496 studia
652 1431 804 1497 dividunt
816 1432 921 1496 boras.
942 1434 1028 1511 Quos
1048 1440 1154 1495 lamen
1168 1449 1278 1495 omnes
1293 1437 1398 1493 movet

392 1548 493 1631 pietas
507 1546 628 1627 eadem,
652 1544 737 1611 idern
752 1555 876 1624 votum,
891 1546 1000 1611 eadem
1017 1564 1100 1631 spes.
1117 1549 1155 1610 lit
1165 1546 1248 1609 sicut
1259 1544 1336 1607 solis
1349 1543 1394 1607 ei·

392 1660 499 1745 tipice,
527 1661 656 1745 speculo
681 1660 823 1739 reddita,
859 1660 966 1726 radios
995 1660 1116 1744 ubique
1142 1658 1395 1743 circumspargit

392 1777 508 1860 eurique
520 1785 626 1842 tamen
639 1779 686 1842 rei
700 1798 796 1861 quam
807 1777 968 1843 illuminat
982 1777 1148 1863 proprium
1162 1785 1195 1841 et
1209 1777 1348 1841 colorem
1366 1783 1398 1839 et

391 1892 526 1956 formam
541 1892 672 1977 prabet,

478 2056 555 2113 Sicut
567 2072 644 2129 aqna·
658 2058 809 2114 tremulum
821 2057 904 2114 labris
917 2057 965 2113 ubi
978 2059 1074 2113 lumen
1086 2057 1180 2114 altenis

478 2144 541 2199 Sole
554 2159 753 2216 repercussum,
768 2153 816 2200 aut
829 2143 961 2201 radiantis
973 2144 1091 2218 imagine
1104 2144 1187 2211 lunae,

477 2232 579 2288 Omnia
591 2233 737 2305 pervolitat
749 2234 804 2290 late
816 2234 893 2303 loea3
905 2233 1017 2306 jamque
1030 2234 1081 2289 sub
1094 2249 1175 2290 auras

478 2321 608 2393 Erigitur,
622 2322 777 2394 summique
788 2321 852 2379 ferit
863 2323 1003 2394 laquearia
1015 2321 1099 2391 teeti;

392 2483 436 2545 ita
451 2482 618 2565 quodlibet
634 2482 781 2548 Bollandi
799 2484 950 2548 volumen
966 2483 1142 2563 evolventi,
1158 2484 1265 2546 omnia
1277 2482 1399 2567 fulgere

392 2596 543 2662 videntur
555 2617 747 2681 repercussae
759 2599 936 2663 sanctitatis
950 2599 1086 2682 imagine
1098 2598 1149 2683 cuj
1155 2616 1192 2662 us
1206 2597 1287 2662 radii
1305 2598 1400 2664 modo

393 2731 504 2797 regunt
521 2721 638 2793 turres,
657 2714 753 2779 modo
764 2714 913 2778 tabernas
924 2732 1101 2800 pauperum
1114 2714 1240 2778 abortu
1253 2712 1295 2777 ad
1308 2732 1399 2779 oeca-

393 2844 463 2890 sum
481 2825 645 2890 illustrant
658 2844 695 2889 ac
708 2825 877 2906 deeoraut3
894 2845 945 2891 res
959 2846 1047 2907 vero,
1067 2826 1176 2891 eodem
1190 2827 1263 2891 licet
1278 2826 1400 2891 lumine

394 2948 549 3023 recreata,
565 2948 739 3025 aspectum,
756 2940 818 3004 sibi
830 2960 965 3025 quaque
979 2959 1074 3006 suum
1087 2942 1244 3005 obtinent.
1362 2934 1367 2943 '

435 3055 513 3135 Quis
527 3055 613 3119 euim
626 3056 727 3120 nescit
744 3061 869 3120 emtam
883 3074 974 3120 suant
986 3062 1019 3119 et
1032 3074 1083 3120 res
1100 3062 1131 3119 et
1144 3057 1287 3120 homines
1300 3057 1400 3141 signis
1433 3140 1436 3151 .

392 3171 486 3236 certis
498 3190 623 3256 seraper
637 3170 820 3235 declarare?
835 3172 918 3235 Hinc
934 3179 1116 3254 martyrum
1136 3178 1277 3255 ternpore
1292 3171 1397 3257 plera-

393 3303 457 3370 que
467 3292 535 3350 tum
548 3284 720 3350 sortiatum
733 3304 817 3370 pura
826 3283 1009 3367 traduntur,
1026 3292 1138 3370 utpote
1149 3304 1169 3350 a
1182 3284 1333 3350 Romanis
1342 3285 1401 3352 ad·

392 3400 454 3465 buc
467 3398 547 3465 viris
560 3401 698 3485 scripta3
720 3399 854 3484 deiude,
870 3406 1042 3485 postquam
1059 3398 1189 3465 barbari
1209 3399 1276 3486 jam
1299 3400 1400 3487 impe-

391 3515 477 3579 rium
506 3516 711 3593 introicrunt,
738 3513 900 3580 enarranti
925 3513 1056 3580 duriora
1079 3521 1194 3580 sonant
1218 3514 1328 3580 verba.
1359 3516 1402 3581 Ut

392 3630 502 3696 mediae
517 3630 617 3695 atatis
628 3630 744 3694 florent
757 3629 990 3714 splendidiores
1001 3629 1089 3713 anni,
1103 3624 1260 3715 paulatim
1274 3629 1314 3696 de
1328 3648 1402 3694 san·

391 3746 450 3809 ctis
459 3744 611 3824 historie,
625 3744 858 3810 cathedralium
871 3763 958 3809 more
969 3744 1183 3829 ecclesiarum,
1198 3742 1401 3829 disciplinam

392 3858 529 3951 mollem,
546 3862 705 3944 poeticam
720 3859 869 3934 formam,
883 3860 1023 3924 nitidum
1036 3868 1068 3924 et
1083 3860 1175 3942 quasi
1194 3858 1330 3923 hilarem
1342 3859 1401 3923 ba·

391 3972 493 4037 bitum
514 3973 703 4057 suscipiunt.
722 3976 803 4038 Tum
822 3973 918 4040 flores
933 3980 1120 4056 nascuntur,
1143 3980 1220 4037 tunc
1241 3972 1401 4039 fructibus

390 4087 565 4152 exuberant
581 4089 674 4152 rami.
697 4089 741 4153 Ac
762 4090 789 4153 si
803 4088 899 4155 medii
914 4088 1004 4155 illius
1025 4088 1084 4153 aevi
1101 4088 1240 4173 scriptor
1254 4090 1401 4173 priorum
