3300 5272
462 458 617 517 neuun
644 457 816 517 t'tBUtnt
847 456 977 516 lillllll.
1227 466 1299 528 tat

206 622 325 687 Fabula
340 623 408 686 haec
423 643 478 686 eos
493 622 613 711 carpit,
634 622 691 710 qui
714 621 880 687 calumniis
900 619 990 710 apud
1014 623 1215 709 potentiores
1231 643 1283 683 so-

163 781 228 843 lent
244 803 359 845 nocere
372 779 539 869 proximo,
554 779 764 868 hibernisque
776 781 881 844 ventis
896 795 972 844 sunt
984 777 1113 843 similes.

650 1234 789 1300 lallllll.

479 1517 590 1575 Attis
624 1516 679 1574 ΕΤ
711 1516 956 1576 cuneolos.

202 1919 261 1982 lus
275 1917 439 2007 quondam
455 1919 679 2008 Olympiorum
705 1920 836 2006 pernice
863 1934 963 1981 vento
985 1919 1149 2006 pernicior
1174 1942 1278 2007 praeco

159 2061 270 2124 avibus
292 2061 408 2124 indixit
433 2058 659 2150 pulcritudinis
684 2061 716 2123 iu
743 2058 877 2126 deorum
901 2059 988 2149 regia
1005 2076 1166 2126 certamen
1188 2065 1278 2151 poni.

158 2203 354 2290 Cunctisque
369 2202 445 2266 ilico
462 2225 525 2266 vox
539 2205 606 2288 ejus
622 2200 730 2266 audita
747 2201 820 2283 tuit,
835 2224 872 2266 ac
889 2201 1010 2266 nullam
1031 2224 1097 2264 non
1110 2202 1277 2267 volucrum

157 2345 243 2431 cepit
258 2343 380 2408 coelitus
400 2343 540 2406 immissa
554 2340 684 2431 cupitlo.

202 2487 250 2548 De
266 2509 347 2573 rupe
366 2508 468 2574 caprae
484 2508 551 2548 non
570 2487 677 2573 pervia
703 2485 778 2550 fons
795 2483 954 2565 stillabat,
980 2500 1158 2572 tepensque
1180 2501 1278 2550 resta·

156 2623 275 2710 gnabat
287 2624 370 2686 latex
385 2639 418 2686 et
431 2621 622 2711 pellucidus.

201 2765 272 2828 Huc
288 2779 357 2828 tota
378 2764 530 2829 convenit
555 2786 634 2853 gens
660 2765 786 2846 avium,
809 2786 931 2853 oraque
947 2763 1096 2829 lavabant
1110 2787 1147 2827 ac
1165 2764 1276 2842 tibias,

157 2930 279 2995 pennas
295 2908 501 2995 quatiebant,
519 2908 758 2996 pectebantqne
774 2924 893 2972 comas.

201 3049 347 3112 Accessit
359 3047 401 3112 ad
416 3049 503 3112 hunc
516 3064 548 3112 et
558 3049 707 3137 graculus
721 3048 864 3132 fontem,
879 3048 963 3113 lilius
983 3050 1124 3113 cornicis
1138 3047 1274 3112 vetulus.

156 3185 259 3248 Aliam
289 3203 395 3251 autem
424 3189 489 3252 avis
510 3188 592 3252 alius
618 3188 761 3277 plumam
780 3187 989 3252 humentibus
1013 3187 1146 3251 interius
1164 3202 1277 3274 aptans

157 3325 316 3407 humeris,
339 3349 422 3391 uuus
449 3344 637 3392 cunctarum
654 3328 820 3393 coloribus
837 3329 899 3392 fuit
917 3344 1049 3392 ornatus
1064 3328 1167 3409 varie,
1184 3343 1217 3391 et
1234 3325 1276 3390 ad

156 3464 233 3528 deos
249 3489 387 3554 propere
403 3468 540 3532 evolavit
556 3469 663 3557 aquila
677 3471 855 3558 superbior.

200 3604 415 3669 Mirabundus
433 3606 601 3696 obstupuit
617 3608 753 3696 Jupiter,
778 3632 816 3672 ac
842 3610 996 3671 victorem
1020 3621 1087 3670 erat
1111 3602 1274 3692 gractssum

188 4031 210 4074 tt.
228 4031 256 4085 Α,
273 4025 359 4073 αὐτῶν.
379 4027 407 4074 Et
424 4025 449 4073 in
466 4023 638 4074 attenuatione
659 4030 688 4087 n,
741 4026 803 4074 λοιὸν
820 4038 889 4075 nvem
902 4025 975 4087 vulgo
988 4027 1025 4073 sul
1044 4023 1139 4086 generis
1157 4021 1274 4084 lubitum

155 4103 243 4163 αὐτοῖς,
255 4102 319 4164 quod
332 4103 423 4164 pariter
435 4103 539 4152 mutavi.
741 4105 786 4155 etsl
803 4106 894 4155 comici
907 4104 1053 4169 proximam,
1065 4103 1169 4153 comitis
1179 4102 1274 4167 pullum

189 4186 225 4230 ιο.
249 4185 277 4240 Α,
293 4179 348 4239 ἦλθε
363 4180 392 4228 δ’.
416 4180 562 4244 spondaeum
580 4180 634 4230 leci.
650 4182 689 4232 sic
742 4182 826 4232 lecerit
835 4182 999 4244 grandiorem.
1016 4180 1077 4231 vide
1090 4184 1175 4231 notata
1189 4180 1220 4230 td
1232 4185 1275 4229 ne·

155 4257 212 4306 Feb.
231 4261 270 4320 47,
283 4261 308 4319 t,
319 4262 348 4318 Α,
358 4256 419 4321 εἶχε,
436 4257 503 4321 qnod
519 4257 687 4310 indicaresum
741 4257 869 4309 redituum
881 4259 956 4324 Epim.
975 4272 1000 4323 p.
1019 4262 1060 4319 70,
1077 4257 1225 4323 adtbeoph.
1240 4257 1275 4307 sl-

154 4334 253 4385 oblitus.
741 4344 872 4390 motatum
891 4346 933 4404 Ep.
957 4346 994 4403 ta,
1007 4352 1032 4404 p.
1051 4342 1112 4403 2⁴03
1130 4338 1274 4390 uestitum.

189 4419 226 4462 tt.
246 4412 272 4461 ld
289 4411 544 4476 animadvertendum,
563 4415 629 4476 (μιοιί
649 4433 688 4466 κο-
740 4416 769 4469 ad
779 4418 837 4470 Fal).
848 4420 872 4481 8,
884 4422 922 4470 tt.
