3300 5272
575 1234 1021 1363 PRAEFATIO.

222 1866 226 1873 ’
342 1866 422 1929 Cum
436 1864 538 1930 libros
550 1884 604 1930 eus
615 1865 793 1931 evolvimus
807 1865 842 1928 in
856 1863 977 1948 quibus
993 1841 1138 1925 rirorum
1151 1872 1304 1923 enarran-

300 1984 356 2042 tur
370 1979 445 2043 rita
465 1979 544 2062 qui,
561 1977 601 2044 de
616 1997 652 2043 re
666 1979 841 2043 christiana
853 1977 934 2042 bene
947 1973 1072 2056 meriti,
1089 1971 1304 2037 coelicalarum

298 2090 466 2158 'ordinibus
486 2090 728 2173 adscribuntur,
745 2090 905 2174 exquisita
926 2087 1065 2173 quadam
1081 2094 1130 2170 et,
1147 2092 1184 2152 ut
1196 2085 1241 2150 ita
1255 2083 1305 2150 di·

298 2225 383 2291 cam,
397 2206 464 2272 aeri
479 2207 619 2272 fruimur
633 2208 812 2292 voluptate,
826 2213 939 2291 utpote
956 2206 1014 2290 qui
1028 2200 1200 2286 singularis
1217 2217 1306 2284 spec·

297 2319 405 2404 taculi‚
424 2341 490 2406 quo
508 2322 604 2387 simul
621 2322 808 2388 nobilitatur
822 2321 919 2386 homo
936 2339 973 2385 ae
987 2317 1190 2404 deprimitur,
1210 2318 1306 2378 testes

297 2436 471 2502 adstemus.
496 2439 534 2501 ln
554 2437 611 2502 illo
627 2455 743 2520 magno
756 2436 894 2516 theatro,
909 2435 1054 2520 quamvis
1068 2438 1214 2496 accurate
1230 2426 1305 2492 rul-

297 2567 388 2633 gares
402 2550 593 2635 rejiciuntur
613 2550 778 2636 imagines,
801 2551 948 2635 quamvis
968 2557 1000 2614 et
1016 2564 1225 2633 quacumque
1241 2545 1305 2609 hu-

297 2683 390 2745 mana
404 2685 441 2730 ac
456 2667 619 2732 terrestria
631 2674 707 2731 sunt
720 2665 945 2751 repudiantur,
959 2664 1027 2730 haec
1040 2671 1146 2729 tamen
1160 2681 1242 2748 saepe
1254 2660 1304 2725 ri·

296 2776 372 2843 dere
387 2785 419 2844 et
436 2780 553 2844 sentire
567 2798 693 2845 neeesse
708 2788 767 2845 cst.
786 2780 881 2847 Nulla
896 2780 1060 2862 nimirum,
1079 2785 1117 2843 ut
1133 2777 1231 2863 prisci
1243 2776 1305 2841 riri

296 2893 432 2959 verbum
449 2913 623 2980 usurpem,
642 2902 691 2960 est
705 2904 771 2961 tam
784 2895 878 2960 firma
895 2896 994 2962 moles
1018 2913 1117 2979 quam
1140 2913 1205 2959 non
1228 2911 1303 2959 exe·

295 3007 374 3072 dant
392 3008 486 3075 undae
500 3029 557 3095 per
569 3029 671 3077 nexus
689 3019 863 3077 manantes.
881 3013 949 3077 Hoc
963 3019 1068 3077 autem
1084 3010 1174 3095 quod
1187 3008 1303 3074 huma-

295 3142 374 3188 num
390 3133 449 3209 est,
468 3126 565 3191 variis
587 3146 696 3192 rerum
719 3127 997 3194 vicissitudinibus
1014 3128 1201 3210 obnoxium,
1217 3145 1303 3220 nnuc

295 3237 401 3324 dolor‚·
415 3259 501 3305 nunc
513 3241 667 3325 gaudium
678 3244 797 3326 agitat3
813 3244 921 3326 itaque
933 3243 1027 3307 nobis
1039 3242 1133 3307 modo
1147 3238 1251 3307 sidera
1262 3240 1304 3304 ie-

296 3353 362 3419 rire
378 3362 438 3436 est,
458 3356 553 3421 modo
577 3358 668 3422 humi
690 3376 829 3442 serpere.
854 3359 1040 3422 sanctornm
1060 3357 1159 3440 igitur
1175 3355 1304 3421 annales

296 3470 437 3534 versanti
448 3471 550 3536 tristis
561 3479 593 3536 et
603 3471 751 3556 frequens
762 3473 904 3538 occurrit
915 3471 1033 3552 nubes3
1047 3471 1162 3535 etenim
1175 3471 1204 3535 ei
1214 3489 1304 3535 men·

298 3583 338 3647 tis
353 3583 499 3651 humanae
514 3587 608 3670 quasi
619 3587 785 3653 historiam
800 3587 930 3671 legenti,
948 3586 1060 3651 crebro
1073 3585 1163 3650 malis
1178 3585 1304 3650 animus

297 3697 462 3764 sollicitari
479 3699 594 3766 studiis
614 3701 755 3784 videtur,
780 3709 824 3783 et,
850 3691 924 3767 cium
943 3702 1058 3786 pugnis
1073 3700 1304 3766 cruentissimis

298 3821 395 3897 atque
403 3814 568 3882 laboribus
577 3818 747 3883 misceatur
758 3817 925 3902 praeduris,
939 3816 1077 3881 ahhoste
1090 3837 1155 3882 non
1167 3834 1240 3880 raro
1252 3835 1305 3881 oe-

297 3930 419 4011 cupari.
442 3931 522 3995 Tum
543 3938 611 3997 atra
624 3951 688 3997 nox
704 3932 856 3997 incubare
875 3931 981 4013 rebus,
1001 3939 1071 3995 tum
1088 3931 1223 3995 horrore
1239 3930 1299 3994 cir·

297 4042 465 4110 cumdatus
483 4047 533 4110 vir
544 4045 658 4129 jacere.
676 4051 716 4111 tt
730 4048 835 4114 statim
849 4047 956 4111 ecoelo
969 4053 1141 4131 erumpunt
1154 4044 1249 4125 radii,
1264 4046 1303 4111 il·
