3300 5272
549 490 590 540 su
612 490 785 541 scarssnnr
811 490 919 540 muro.
1176 470 1241 540 tau
1363 480 1365 484 '

229 621 283 718 gie
302 620 450 712 lactum,
470 630 509 693 ut
524 619 573 692 ait
589 620 795 717 Cyprianus,
808 622 900 693 horno
918 618 1108 695 occinunt
1128 622 1166 691 in
1182 617 1240 689 lto·

227 748 327 818 mich
343 746 544 839 uoluptatem
550 775 566 832 ,·
581 745 723 841 saepius,
740 757 780 818 ut
792 744 901 816 tristis
909 749 984 842 jam
999 741 1145 816 canebat
1156 742 1241 815 llis·

228 893 339 969 panus
364 868 583 961 Prudentius,

404 1056 559 1117 Observant
572 1056 690 1115 hilarem
702 1057 738 1116 de
750 1056 847 1117 funere
861 1028 980 1131 plebem.
999 1049 1001 1053 ’
1034 1012 1037 1017 ¹

276 1232 524 1304 Verumtamen
538 1253 649 1327 nsque
663 1232 810 1319 crimen,
826 1253 937 1326 neque
949 1229 1085 1303 lacinus
1102 1251 1242 1325 semper

227 1351 396 1437 admittit,
414 1354 537 1451 siquis
557 1354 714 1429 scelerati
732 1355 882 1430 hominis
901 1355 1111 1452 supplicium
1126 1351 1241 1427 videre

226 1479 397 1575 capistri
411 1478 490 1575 quis
500 1501 660 1554 cruorem
671 1482 771 1577 quusi
782 1481 904 1554 sitiens
914 1491 1061 1577 expetat.
1073 1482 1118 1553 At
1127 1500 1240 1551 scenae

225 1601 319 1675 illius
342 1624 421 1675 vere
446 1604 556 1692 urm,
570 1664 574 1674 ,
590 1603 770 1700 tragoedim
800 1628 877 1703 quae
898 1613 969 1679 non
987 1604 1100 1679 solum
1118 1602 1241 1676 mortis

225 1725 412 1823 imaginem
446 1725 607 1815 exhibet,
648 1728 708 1802 sed
745 1730 919 1804 cmoiatus
954 1730 1108 1826 corporis
1134 1729 1240 1824 ipsos

225 1852 408 1949 ipsamque
423 1853 570 1926 insontis
599 1878 720 1928 necem
747 1856 844 1952 quasi
876 1852 996 1928 ludum
1026 1851 1145 1942 tradit,
1164 1857 1240 1949 jam

225 1975 337 2072 culpis
363 1976 478 2050 affinis
506 1989 576 2067 est,
606 1990 793 2074 spectator,
827 1979 953 2075 quippe
978 1977 1130 2049 humano
1160 1999 1239 2049 suu·

224 2103 327 2198 gaino
346 2102 487 2192 fruitur,
511 2109 585 2200 jam
602 2104 728 2177 mentis
747 2104 897 2199 priorem
923 2102 1038 2174 amisit
1062 2100 1241 2198 iutegrita÷

225 2237 309 2317 tem,
322 2233 410 2324 jam,
427 2239 467 2300 ut
482 2228 531 2300 ait
547 2228 752 2324 Cyprianus,
771 2228 881 2301 oculis
896 2222 1068 2301 homicida
1085 2235 1149 2315 est,
1163 2230 1239 2320 jam

223 2348 267 2427 de
287 2361 481 2447 spectatore
496 2351 532 2424 in
553 2350 787 2427 adsemarium
808 2353 968 2425 uertitur.

273 2478 386 2564 Quam
398 2498 482 2547 sero
502 2475 602 2549 facila
624 2473 822 2572 hujusmodi
837 2474 1008 2549 illecebris
1024 2471 1240 2568 decipiantur
1360 2504 1367 2514 ·

222 2598 324 2674 disus
340 2601 553 2696 Augustinus
577 2600 612 2671 in
632 2597 737 2695 dlipii
760 2598 919 2695 exemplo
941 2597 1042 2672 nohis
1059 2596 1193 2694 effingit
1209 2607 1235 2668 ¹.

223 2723 357 2820 hlipius
378 2724 473 2795 enim
493 2722 583 2813 ists,
608 2722 772 2795 honestus
797 2719 1018 2811 adolescens,
1039 2742 1116 2793 sese
1135 2742 1156 2791 a
1173 2719 1239 2797 cir·
1315 2824 1319 2837 ,

223 2846 384 2923 censibus
405 2848 549 2920 omnino
576 2857 781 2920 removerat.
816 2845 885 2923 sod
914 2849 1057 2934 Romus,
1075 2870 1155 2919 cunr
1179 2851 1238 2941 jus

91 2970 95 2976 ’
223 2972 384 3062 disceret,
416 2973 514 3046 iorte:
538 2973 570 3047 ei
601 2985 828 3047 occurerunt
853 2970 992 3069 quidam
1018 2969 1075 3051 de,
1091 2967 1238 3066 prandio

222 3095 406 3170 redeam
427 3097 530 3169 amici
558 3109 594 3170 et
622 3095 846 3195 condiscipuli
869 3097 930 3193 qni
959 3094 1122 3174 familiari
1153 3116 1238 3190 quc·

222 3221 304 3295 dam
330 3219 514 3312 violentia,
544 3220 847 3297 vehementissimo
868 3231 1088 3295 recusantem
1114 3240 1155 3291 sc
1187 3240 1240 3291 re·

222 3347 399 3419 sistentem
422 3347 463 3417 in·
482 3345 775 3441 amphitheatrum
795 3342 979 3417 duxerunt.
1004 3344 1082 3429 Quo
1098 3339 1239 3437 quidem

223 3469 284 3543 ubi
297 3482 441 3542 ventum
460 3479 527 3554 est,
548 3478 731 3564 postqrmm
757 3465 930 3554 sederunt,
956 3463 1094 3561 alipius,
1111 3463 1238 3549 clausis

221 3590 345 3679 oculis,
364 3591 465 3689 qnasi
486 3590 613 3664 absara
640 3589 772 3679 aderat.
800 3593 955 3685 Repente
977 3600 1095 3660 autem
1117 3585 1238 3684 populi

223 3715 374 3792 clamore
412 3727 635 3806 commotus,
676 3714 789 3812 aperit
826 3711 945 3787 oculos
989 3709 1239 3810 cadentemque

207 3839 409 3939 ‘quemdam
430 3839 656 3939 gladiatorem
673 3839 856 3937 mauman
887 3868 902 3904 ι
921 3841 967 3911 Ut
985 3836 1072 3913 vidit
1100 3837 1238 3948 sanguis

258 4075 280 4121 t.
293 4066 368 4121 cont.
386 4066 545 4125 Sciet-idrus
556 4063 699 4133 Girardiu,
716 4065 750 4118 dc
767 4068 794 4119 S.
814 4065 954 4130 anausim
972 4063 1129 4131 confusion.
1157 4067 1239 4115 Reum

222 4154 269 4206 des
282 4150 487 4215 Deua-Mendes,
503 4157 601 4218 treug.
614 4152 686 4203 ¹840.
699 4148 848 4212 -Seneca,
865 4148 899 4202 dc
912 4152 971 4213 Iro,
989 4148 1009 4204 l,
1023 4154 1047 4198 a.
