3300 5272
324 418 365 485 to
727 444 902 491 rnnrrrro.

319 567 516 633 luminantur
528 570 643 651 onmia,
657 568 906 652 gaudiosumma
919 580 1107 649 nuscuntur,
1124 582 1221 657 atque
1232 577 1320 640 suavi

228 682 230 687 ’
319 701 357 746 en
374 683 429 747 illa
445 684 593 749 moestitia
607 684 728 750 delicire
744 685 886 769 quaedam
914 707 1003 771 purte
1024 689 1259 773 oriunturque
1274 690 1319 754 le-

318 804 441 878 gentem
459 799 610 863 ebrietnte
625 799 733 864 divina
745 802 916 885 complent.

361 913 499 995 ideoque
508 914 558 977 vir
568 914 700 996 quidam
712 915 930 1000 philosophus
949 916 1140 983 benedictini
1152 921 1226 993 ritu,
1243 920 1322 983 cella

318 1030 350 1091 in
360 1027 502 1092 solitaria
516 1047 586 1090 cum
600 1029 741 1092 Bollandi
751 1029 842 1093 libris
852 1030 973 1094 includi
982 1052 1015 1095 se
1025 1051 1214 1117 magnopere
1225 1052 1320 1118 exop-

319 1143 417 1221 tabat,
429 1143 613 1228 quippequi
627 1144 677 1207 lris
690 1144 939 1225 omnisdeditus,
950 1154 982 1210 et
995 1149 1087 1229 qnasi
1100 1147 1192 1211 alteri
1202 1147 1321 1213 mundo

319 1256 500 1340 adscriptus
518 1258 607 1340 civis,
627 1277 724 1324 novas
738 1266 770 1324 et
786 1278 917 1344 prorsus
936 1261 1112 1344 incognitas
1130 1261 1203 1326 iude
1219 1263 1323 1345 perci·

320 1377 406 1452 peret
420 1370 611 1454 voluptates.
627 1373 718 1452 Quod
734 1380 848 1438 votnm
861 1374 1118 1457 quibuscumque
1130 1375 1177 1438 nil
1191 1377 1323 1440 humani

318 1506 336 1550 a
351 1504 384 1550 se
395 1487 534 1551 alienum
546 1488 693 1569 habetur,
705 1488 790 1552 haud
803 1488 979 1552 absurdum
989 1488 1242 1554 sanevidebitnr.
1253 1492 1323 1554 lite

317 1598 385 1662 nim
396 1599 425 1661 si
437 1599 510 1663 vite
523 1600 679 1664 rationem
698 1602 732 1662 in
748 1599 893 1685 exemplo
909 1609 1092 1666 sanctorum
1109 1603 1183 1686 pius
1197 1603 1248 1666 vir
1262 1622 1323 1688 po-

317 1712 473 1778 tissimum
498 1716 625 1797 quaerit,
649 1714 724 1780 inde
748 1708 974 1797 genelosorum
999 1718 1178 1783 animorum
1204 1718 1324 1783 iontem

318 1828 428 1892 rimari
443 1848 480 1894 ae
496 1829 609 1893 mentis
632 1828 811 1913 profundos
827 1849 972 1895 recessus
992 1839 1158 1915 penetrare
1180 1832 1322 1918 philoso-

318 1942 399 2027 phus
422 1943 647 2029 persequitur3
666 1952 710 2027 et,
733 1945 767 2009 in
781 1945 925 2009 historiis
940 1945 1054 2011 horum
1071 1953 1267 2030 sauctorum,
1283 1946 1324 2012 de

317 2057 469 2122 immenso
482 2057 640 2124 bonarum
654 2059 772 2125 artium
793 2078 892 2144 regno
911 2060 1089 2125 litterarum
1109 2061 1239 2125 criticus
1261 2061 1323 2125 sibi

316 2173 514 2257 provinciam
527 2175 686 2259 lugentem
694 2182 829 2240 conatur
839 2174 1011 2240 vindicare.
1023 2177 1149 2240 Atrcro
1160 2195 1196 2239 ea
1205 2174 1325 2261 triplici

317 2295 420 2354 mente
434 2291 580 2376 quisquis
595 2297 699 2377 potest
714 2289 843 2355 illorum
857 2297 996 2355 tractare
1010 2290 1127 2371 fastos,
1153 2299 1221 2355 tum
1236 2309 1325 2377 purae

320 2404 484 2489 doctrinae‚
500 2412 569 2469 tum
583 2405 713 2471 moralis
729 2406 993 2488 investigationis,
1008 2412 1077 2469 tnm
1090 2405 1250 2488 politioris
1263 2405 1326 2470 hu·

317 2521 477 2585 munitatis
493 2518 640 2585 festivam
663 2529 800 2604 segetem
826 2520 1030 2587 collecturus.
1055 2519 1150 2600 Quod
1170 2520 1199 2585 si
1217 2519 1325 2585 forsan

316 2634 427 2701 hocin
443 2635 514 2702 loco
529 2636 630 2719 nubes
653 2637 751 2702 alicui
767 2636 936 2702 rideantur
954 2637 1093 2717 obstare,
1112 2636 1241 2720 inclytis
1256 2639 1325 2702 lia-

317 2749 526 2835 billouorum,
539 2753 795 2833 Ruinartiorum,
807 2752 1049 2831 Ceillieriorum,
1063 2751 1325 2816 Tillemontorum

318 2866 502 2932 nominibus
512 2865 608 2952 hujus
618 2868 744 2932 animm
755 2885 887 2951 prorsus
899 2867 1110 2932 serenabitur.
1124 2869 1171 2931 Ac
1185 2886 1225 2931 ne
1235 2866 1321 2951 quis,

317 2982 416 3047 nimia
425 2984 607 3063 ¹reuerentia
622 2983 765 3067 timidule,
780 2985 888 3047 vultus
902 3002 1015 3047 eornm
1026 2983 1086 3065 qui
1097 2983 1131 3045 in
1142 2982 1324 3048 christianis

317 3099 414 3164 rebus
431 3098 636 3163 eminuerunt
653 3097 755 3162 oculis
769 3097 880 3162 liberis
894 3096 1102 3180 contemplari
1124 3096 1260 3182 dubitet,
1285 3115 1323 3162 es

317 3215 430 3279 intimo
443 3214 500 3279 illo
512 3214 701 3281 commercio
716 3212 902 3279 recordetur
920 3212 1072 3299 majorem
1088 3212 1250 3275 oriturum
1265 3209 1324 3275 ho·

318 3349 440 3410 norem,
464 3330 592 3415 nedum,
603 3337 709 3395 rectus
727 3329 831 3395 cultus
851 3329 1073 3393 imminuatur.
1097 3328 1229 3410 Nempe,
1251 3341 1325 3390 cnm

318 3447 478 3513 hominem
492 3446 716 3529 discernimus,
733 3462 808 3509 eum
820 3450 851 3508 et
866 3462 975 3509 rernm
988 3450 1020 3507 et
1035 3452 1217 3527 temporum
1229 3441 1324 3505 intel-

235 3567 238 3571 ’
319 3562 449 3645 ligimus
461 3562 546 3647 apud
563 3582 636 3625 eum
649 3569 759 3626 notam
773 3579 810 3624 ao
827 3561 967 3644 signum,
986 3578 1059 3624 cum
1078 3557 1187 3623 eudem
1205 3573 1277 3639 quae
1291 3556 1323 3618 iu

316 3676 409 3742 nobis
431 3676 658 3761 perspicimus,
682 3674 763 3759 quid
788 3674 889 3739 valeat
917 3672 1061 3752 victoria,
1088 3689 1160 3754 quae
1186 3671 1230 3732 sit
1255 3669 1325 3733 laus

314 3791 483 3877 triumphi,
503 3788 673 3874 tunubene
683 3789 827 3873 judicare
842 3807 1023 3874 possumus
1375 3878 1379 3883 ⁸

360 3909 429 3972 tam
447 3926 520 3972 uero
536 3904 783 3990 precellentium
797 3904 831 3968 in
845 3904 965 3969 virtute
975 3903 1148 3969 christiana
1158 3901 1323 3965 hominum

317 4043 362 4105 se,
378 4032 414 4087 nt
428 4026 471 4090 ita
481 4023 597 4107 dicam,
612 4020 800 4103 familiarem
807 4020 942 4101 efficere,
958 4037 1056 4102 quam
1067 4023 1099 4081 et
1107 4015 1185 4082 utile
1193 4013 1325 4081 etdnlce
