3300 5272
462 501 532 553 ur
557 503 726 553 scnrnsnns
751 503 859 553 narso.
1115 481 1181 552 149

218 631 270 702 Eo
286 631 393 727 igitur
418 631 597 728 proposito
622 631 761 727 scripsit
780 642 820 702 ut
846 629 1018 728 Afrosque
1047 643 1082 702 et
1109 632 1181 701 Ro·

169 777 334 829 menese
360 756 521 828 factionis
544 754 760 852 principibus
778 765 966 828 amoveret.
994 753 1083 842 Quia
1101 776 1183 826 vero

168 880 331 976 permulti
361 881 528 955 unitatem
562 882 611 953 ita
640 879 872 968 dirimebant,
907 878 1036 952 idcirco
1067 888 1102 951 et
1129 877 1182 950 bi·

167 1003 317 1079 loliorum
333 1028 511 1079 sacrorum
537 1004 676 1104 liguris,
705 1016 741 1078 et
767 1005 913 1094 ratione,
947 1017 980 1077 et
1017 1027 1083 1074 usu
1114 1003 1181 1074 llo·

165 1129 281 1203 olesire
317 1153 394 1203 esse
426 1130 655 1203 necessariam
698 1128 917 1203 concordiam
959 1127 1181 1227 comprobat.

166 1256 252 1327 Cum
288 1265 403 1327 autern
439 1252 582 1350 hujusce
613 1255 717 1327 unius
748 1254 1014 1328 consociationis
1050 1253 1180 1350 princi·

163 1379 260 1472 pium
278 1378 325 1451 sit
347 1379 482 1451 romani
510 1380 666 1476 episcopi
689 1380 892 1474 auctoritas,
923 1404 1003 1454 eum
1023 1379 1183 1453 Christus

165 1506 434 1600 auper.Petrum
468 1499 655 1576 «aedilieet
680 1501 874 1576 Ecclesiam
904 1526 1025 1592 suam,
1059 1515 1094 1576 et
1129 1501 1179 1575 illi

164 1623 356 1721 pascendas
383 1624 525 1697 mandet
553 1648 637 1696 oues
663 1647 745 1696 suas
768 1655 800 1715 o,
826 1623 910 1698 dicit
926 1632 1002 1722 jam
1026 1626 1178 1722 corporis

164 1747 360 1846 membrum
386 1771 454 1820 nou
482 1771 557 1821 esse
585 1750 645 1845 qui
673 1770 696 1821 a
722 1747 836 1844 capite
862 1752 962 1822 Petro
989 1750 1055 1827 isto
1082 1770 1179 1821 sece-

163 1870 238 1961 dat,
263 1877 335 1967 jam
368 1891 468 1942 orem
496 1894 567 1943 non
598 1893 675 1944 esse
705 1869 762 1966 qui
791 1866 836 1942 ab
859 1871 934 1963 ejus
954 1866 1094 1942 ,stabulo
1118 1866 1176 1940 ab·

166 1990 317 2067 horreat.
340 1993 490 2082 Deinde,
517 1991 677 2090 plurimis
706 1993 813 2064 utitur
846 1987 1056 2086 imaginibus
1087 2012 1174 2086 quas

159 2119 288 2216 partim
309 2117 402 2217 apud
426 2118 615 2193 Gallicanae
649 2115 816 2190 Ecclesia
840 2126 1018 2189 oratorum
1048 2113 1174 2210 princi·
1294 2204 1297 2210 Ι

158 2266 238 2340 pem
264 2243 415 2340 reperire
444 2241 610 2317 facillime
638 2254 704 2314 est.
720 2279 770 2296 -·
796 2271 810 2306 α
834 2237 1028 2330 Quomodo,
1052 2241 1174 2341 inquit,

156 2366 241 2442 solis
255 2366 354 2443 multi
375 2365 486 2457 radii,
514 2364 576 2442 sed
596 2364 713 2441 lumen
730 2388 862 2456 unum,
882 2376 917 2437 et
935 2365 1024 2437 rami
1037 2363 1171 2439 arboris

156 2490 268 2580 multi,
285 2489 347 2565 sed
372 2489 480 2564 robur
501 2513 609 2564 unum
630 2489 744 2571 tenaci
766 2487 881 2562 radice
912 2487 1115 2580 fundatum3
1136 2500 1173 2561 et

154 2640 237 2706 cum
252 2615 296 2690 de
309 2616 406 2693 lonte
423 2642 492 2691 uno
508 2617 572 2690 rivi
589 2614 732 2714 plurimi
753 2613 922 2708 defluunt,
942 2617 1170 2690 numerositas

152 2741 247 2817 licet
266 2741 398 2817 diflusa
430 2741 586 2818 uideatur
613 2737 821 2815 exundantis
851 2740 961 2838 copia
988 2738 1165 2839 largitate,

152 2865 269 2941 unitas
286 2878 401 2941 tamen
414 2877 571 2941 sonatur
586 2862 785 2962 inorigine.
799 2864 917 2939 Avelle
936 2863 1071 2940 radium
1085 2866 1168 2940 solis

152 3012 346 3087 deotpurc,
366 2987 670 3065 diuisionamlucis
684 2992 798 3065 unitas
817 3013 887 3065 non
914 2993 1029 3089 capit;
1050 2992 1095 3065 ab
1110 3016 1166 3065 ar·

150 3111 233 3187 bore
252 3113 376 3213 frange
391 3137 543 3204 ramum,
565 3114 696 3188 fractus
713 3115 906 3214 germinare
928 3139 998 3189 non
1015 3086 1163 3213 poterit,

149 3233 283 3311 alonte
298 3234 447 3334 precide
467 3237 597 3330 tivum,
615 3237 783 3336 praecisus
807 3240 944 3312 arescit.
966 3240 1023 3311 Sic
1044 3253 1080 3313 et
1096 3240 1164 3313 Ec·

44 3391 45 3394 ¹
150 3363 257 3438 olesia
272 3363 429 3452 Domini,
449 3361 528 3437 luce
544 3361 687 3461 perlusa
706 3384 770 3460 per
782 3361 903 3439 orbem
921 3375 1032 3438 totum
1049 3363 1163 3441 radios

149 3511 233 3563 suos
245 3485 422 3579 extendit3
443 3509 554 3561 unum
572 3498 689 3560 tamen
711 3484 826 3559 lumen
848 3483 1014 3585 estquod
1034 3487 1162 3585 ubique
1294 3551 1295 3554 ,

148 3611 367 3700 diffunditur,
395 3634 460 3687 nec
481 3613 597 3685 unitas
618 3611 774 3708 eorporis
803 3622 994 3708 separatur.
1029 3614 1161 3700 Remos

149 3757 231 3809 suos
254 3734 292 3807 in
309 3733 506 3809 universam
524 3714 660 3809 terram*
681 3736 785 3833 copia
799 3734 969 3809 ubertatis
992 3735 1159 3831 extendit,

147 3854 355 3957 profluentes
364 3855 505 3955 largiter
517 3857 607 3931 rivos
619 3855 723 3931 latius
735 3854 910 3955 expandit3
924 3877 1031 3928 unum
1043 3870 1159 3933 tamen

148 3992 255 4079 caput
272 3992 337 4074 est,
358 3994 394 4054 et
418 3981 516 4080 origo
532 4004 614 4072 una,
644 3993 679 4054 et
700 4003 771 4054 una
794 3992 907 4053 mater
923 3977 1158 4061 foeounditatis

148 4102 368 4177 successibus
383 4103 535 4201 eopiosa.
556 4102 648 4178 lllius
660 4103 747 4178 ioetu
760 4104 948 4191 nascimur,
965 4101 1055 4174 illius
1069 4102 1157 4177 lacte
