3300 5272
488 466 773 518 cunrnternrsusrs
800 466 958 515 nrsronn.
1181 444 1224 514 tt

221 623 278 714 tis,
306 622 472 718 sanguine
507 633 580 693 crat
607 620 854 693 illustraturus.
884 620 933 691 llo
961 623 1088 713 majore
1111 631 1227 693 autem

220 743 345 843 gaudio
358 745 498 819 luerunt
511 741 629 817 fideles
643 743 776 840 repleti,
791 767 861 839 quo
873 743 983 838 magis
999 743 1100 815 anxio
1115 754 1151 816 et
1161 742 1227 817 sol·

221 868 315 942 licito
331 870 446 941 animo
464 890 539 942 rem
555 866 813 965 exspectabant.

271 990 503 1065 Nihilominus
524 992 556 1063 ei
571 1020 588 1057 α
606 988 747 1087 quidam
774 992 1018 1084 restiterunt⁴;
1038 1022 1056 1057 n
1086 992 1228 1066 Felicis·

222 1118 329 1187 simus
361 1115 525 1187 nimirum
559 1112 700 1210 quidam
733 1113 852 1211 plures
880 1113 1008 1188 abillo
1045 1115 1231 1214 abjungere

222 1238 412 1313 conabatur
427 1262 467 1310 ac
485 1237 636 1310 schisma
658 1238 764 1329 inire;
788 1261 911 1336 parum
930 1261 1014 1312 sane
1037 1242 1072 1311 in
1089 1241 1232 1313 Graeco-

222 1386 300 1437 rum
333 1362 522 1435 subtilitate
553 1363 693 1451 versati,
723 1385 767 1434 ex
785 1363 957 1435 Africanis
984 1367 1043 1459 qui
1069 1366 1232 1438 Ecclesiae

223 1487 461 1560 auctoritatem
482 1485 694 1583 rejiciebant,
718 1507 784 1557 non
811 1485 1099 1583 disputationibus
1121 1486 1232 1560 doctis

223 1635 287 1684 nec
323 1611 438 1709 legum
467 1609 743 1682 cavillationibus
773 1607 932 1683 baercsim
963 1610 1229 1703 meditabantur,

224 1732 284 1807 scd
313 1757 434 1830 aspere
453 1756 494 1806 ac
509 1744 649 1830 repente
675 1730 906 1805 dissolvebant
927 1734 1227 1809 consociationem.

224 1861 350 1931 Verum
373 1855 418 1929 ad
445 1855 647 1930 Caldonium
664 1867 700 1930 et
723 1854 956 1930 Herculanum
974 1881 1064 1955 qnos
1083 1858 1230 1956 collegas

222 1994 326 2055 vocat
353 1991 389 2053 ct
406 1979 450 2053 ad
476 1982 707 2078 Rogatiomun
724 1980 1015 2079 Numidicumque
1033 2007 1120 2080 quos
1135 2008 1231 2058 com·

223 2104 442 2204 presbyteros
455 2103 618 2197 declarat,
631 2104 720 2178 utab
730 2105 1104 2180 Ecclesiadeterrerent
1121 2108 1230 2181 rebel·

223 2230 332 2303 lantes
344 2230 401 2302 ille
416 2231 555 2328 scripsit
564 2242 591 2301 ².
602 2233 705 2327 Cujus
718 2229 882 2303 mandata
896 2244 977 2304 sunt
990 2233 1139 2305 assecuti
1153 2258 1230 2306 sen·

223 2355 330 2427 tentia
340 2377 446 2450 quam
460 2354 571 2452 legere
586 2355 690 2427 etiam
702 2377 787 2427 num
799 2352 915 2427 liceti.
930 2359 976 2427 dt
988 2378 1070 2428 vero
1083 2355 1138 2427 his
1154 2379 1232 2429 ner·

224 2479 288 2568 vis,
309 2477 359 2550 illi
378 2479 486 2551 animi
501 2477 654 2550 firmitati
668 2474 886 2550 clementiam
895 2500 936 2550 ac
946 2477 1121 2552 lenitatem
1135 2503 1231 2552 sum·

224 2624 318 2673 mam
331 2603 481 2692 miscuit,
498 2624 649 2697 namque
661 2600 806 2674 rebelles
821 2602 881 2698 qui
893 2600 1044 2699 placidos
1061 2614 1096 2675 ct
1110 2603 1229 2676 molles

224 2746 299 2797 sese
328 2723 513 2816 dederunt,
542 2747 612 2795 non
642 2736 777 2798 tantum
803 2724 966 2798 benevole
993 2728 1139 2822 accepit,
1168 2727 1227 2801 sed

223 2846 293 2919 illis
310 2860 345 2920 et
363 2848 581 2921 amicissimis
592 2861 627 2920 ct
645 2847 924 2922 familiarissimis
937 2873 1020 2922 usus
1037 2849 1140 2923 fuiti.

273 2970 430 3068 Philippo
455 2993 536 3043 vero
557 2971 793 3067 imperitante,
817 2995 899 3043 cum
927 2994 1012 3067 pace
1034 2995 1090 3045 res
1113 2972 1228 3046 chris-

224 3097 317 3167 tiana
330 3095 513 3186 frueretur,
534 3096 688 3192 episcopi
701 3094 856 3168 elucebat
873 3097 1008 3168 animus
1027 3096 1064 3166 in
1082 3095 1230 3169 homini·

223 3217 289 3290 bus
307 3215 350 3289 ad
366 3217 529 3311 honestas
545 3229 637 3290 artes
651 3216 890 3291 informandis.
911 3219 956 3289 Ut
965 3217 1146 3314 disciplina
1164 3243 1228 3293 sua

224 3342 404 3429 Quirinum
434 3340 617 3431 imbueret,
639 3344 748 3415 sacris
778 3365 797 3413 e
819 3341 917 3414 libris
943 3341 1228 3414 excellentissima

224 3464 343 3537 libavit
356 3461 384 3556 ⁵3
415 3487 517 3560 quem
541 3465 736 3538 Gallicanos
755 3462 987 3537 adolescentes
1013 3463 1223 3554 eruditurus,

258 3758 283 3804 t.
299 3748 419 3815 Pondus,
430 3749 462 3803 v.

257 3843 281 3887 a.
297 3836 380 3900 aput.
390 3832 527 3897 xxxun,
538 3846 602 3886 ann.
612 3832 690 3888 ceu.

257 3924 283 3969 a.
299 3920 384 3985 Epist.
396 3916 508 3971 mm.

258 4005 284 4051 t.
301 3999 457 4059 Pontiano.
469 4001 502 4055 V.

258 4094 282 4136 5.
301 4088 517 4138 Testimoniorum
526 4087 590 4139 libri
603 4089 664 4139 tm.
