3300 5272
213 415 218 430 “
286 417 350 487 196
690 426 868 474 ειιιειιυοι·

280 557 538 650 προσκυνούμενα·
562 550 602 634 εἷς
626 546 660 620 δὲ
683 543 817 632 ἀληθὴς’
842 555 918 631 Θεὸς
937 559 953 620 ὁ
974 556 1127 646 Χριστὸς,
1152 558 1221 634 τοὺς
1247 558 1286 636 εἰς

280 686 372 751 αὐτὸν
391 682 589 758 πιστεύοντας
608 672 772 771 δυνάμενος
790 672 905 760 σώζειν.

332 808 459 883 Τούτοις
482 804 610 897 ὀκόμης
629 803 669 881 εῖς
686 806 777 897 ὀργὴν
796 804 932 884 κινηθεὶς,
960 808 1001 894 μὴ
1024 805 1101 896 ἔχων
1120 809 1180 892 ό,τι
1208 809 1285 873 ποτὲ
1375 892 1376 896 ρ

279 932 354 1024 πρὸς
379 930 522 1002 τοιαύτην
548 929 649 1021 λόγων
674 926 759 1019 ἰσχὺν
785 921 1038 1020 α’ντιρθέγξαιτο,
1069 929 1106 994 τὸ
1126 929 1285 1025 πρόχειρον

279 1054 385 1138 έποίει,
401 1054 454 1120 καὶ
474 1059 538 1129 τοῖς
560 1054 634 1144 ὀργῇ
653 1047 809 1123 νικηθεῖσιν
829 1049 1014 1117 ἀκολούθου·
1032 1038 1105 1119 καὶ2
1124 1055 1176 1119 τὸν
1199 1052 1284 1147 ἅγιον

279 1179 332 1268 μέν
360 1179 474 1244 ἐκέλευε
500 1173 705 1267 κρεμασθέντα
732 1165 868 1248 ξέεσθαι·
897 1157 1051 1239 Ῐουσπίναν
1083 1166 1118 1241 θὲ
1145 1175 1285 1242 κατὰτὰ

277 1299 440 1392 πρόσωπον
455 1295 507 1363 καὶ
524 1301 593 1373 τοὺς
614 1293 787 1387 ὀφθαλμοὺς
805 1293 985 1379 τύπτεσθαι,
1004 1289 1059 1362 κίιν
1081 1285 1199 1370 ἐκείνη8
1214 1300 1285 1377 τοῖς

238 1460 241 1465 -
278 1419 466 1508 βασάνιστὰς
480 1424 533 1488 οὐκ
552 1414 675 1500 αἰκίζειν
700 1411 798 1487 ἐθόκει
821 1423 937 1510 μᾶλλον
955 1417 974 1492 ἢ
994 1422 1068 1513 πρὸς
1089 1426 1169 1491 Θεοῦ
1193 1414 1249 1502 θοξ
1268 1465 1284 1482 ·

274 1546 380 1642 λογίαν
394 1549 493 1637 ὥσπερ
510 1547 745 1636 ὑπομιμνήσκειν
758 1531 789 1583 ⁶·
810 1546 984 1636 τυπτομένη
1006 1541 1064 1638 γὰρ
1082 1549 1164 1614 οὕτω
1183 1573 1284 1642 γεγω-

274 1670 395 1763 νότερον
410 1662 571 1746 έξεύόησε·
587 1661 665 1744 Δόξα
679 1692 740 1749 σοι,
758 1673 774 1733 ό
790 1669 876 1747 Θεὸς,
895 1672 911 1733 ὁ
930 1662 1053 1745 ἀναξίαν
1074 1695 1110 1762 με
1130 1669 1220 1738 οὖσαν
1238 1673 1283 1740 σί-

273 1791 491 1882 κειωσσὶμενσς,
506 1787 557 1855 καὶ
580 1789 653 1880 ὑπὲρ
672 1799 728 1856 τοῦ
748 1799 801 1857 σοῢ
819 1791 924 1856 παθεῖν
947 1815 984 1880 με
1005 1786 1197 1874 καταξιώσας
1215 1798 1281 1862 ὀνό-

275 1941 382 2006 ματος.
399 1911 462 1979 Καὶ
472 1916 553 1979 οὕτω
566 1912 730 2004 πάσχουσα
747 1912 890 2007 γενναίως
907 1904 1113 2009 διεκαρτέρει,
1132 1921 1171 1996 ὡς
1185 1920 1280 1992 αὺπλν

273 2028 394 2124 μηθῖνθ
413 2036 579 2131 ἀγεννές,ἢ
600 2047 639 2130 πῇ
658 2037 761 2127 θηλείᾳ
775 2039 861 2128 ρύσει
880 2038 932 2104 καὶ
954 2040 1072 2106 ἀσθενεῖ
1087 2041 1280 2116 καταλληλον

272 2153 493 2242 ἐπιδείξασθαι·
513 2163 584 2239 τοὺς
603 2162 776 2240 τύπτοντας
791 2153 827 2227 δὲ
848 2162 1058 2241 ἀτονήσαντας
1071 2174 1126 2243 τῆς
1146 2165 1279 2249 βασάνου

272 2287 457 2354 παύσασθαι.
477 2286 649 2378 Κυπριανὸς
676 2277 711 2351 δέ
736 2290 752 2353 ὁ
782 2286 858 2363 θεῖος
885 2270 1049 2377 ξεόρεινοςθ
1079 2290 1170 2366 αὐτῆς
1197 2289 1280 2358 κατὰ

272 2410 449 2503 πρόσωπον,
467 2412 563 2486 οὕτως
577 2404 613 2481 ἦν
636 2410 846 2487 ἀταπείνωτός
864 2410 967 2476 τεκαὶ
988 2412 1207 2504 μεγαλόφρων,
1227 2414 1279 2481 καὶ

273 2535 415 2611 τοιαύτας
438 2519 624 2625 ἀνθρώθειςἿ
644 2532 695 2598 καὶ
725 2531 875 2625 μακαρίας
901 2533 979 2622 ἠφίει
1005 2533 1119 2626 ρωνθις,
1148 2542 1187 2614 ὡς
1208 2538 1279 2616 τοὺς
1328 2560 1334 2571 “

272 2666 458 2746 περιστῶτας
484 2656 651 2732 ἀκούοντας
676 2653 715 2732 είς
735 2655 842 2722 ἑαυτὸν
857 2654 1061 2738 ἐπισπᾶσθαι,
1078 2658 1131 2723 καὶ
1150 2669 1205 2726 τοῦ
1223 2669 1278 2738 τῆς

271 2767 437 2857 σίπιστίας8
458 2778 567 2863 βάθους
595 2773 835 2871 ἀναλαμβάνειν·
862 2779 947 2874 ἔλεγε
967 2777 1025 2874 γὰρ
1051 2784 1127 2875 πρὸς
1154 2783 1206 2848 τὸν
1224 2782 1302 2877 κό-Ι

248 2922 374 2994 ’μητα,
397 2895 574 2988 ἀποβλέψας
599 2900 683 2992 μαλα
706 2907 840 2994 γενναῖον
872 2903 923 2969 καὶ
945 2908 1057 2994 πλῆρες
1084 2908 1276 2994 φρονήματος

198 3015 201 3020 ⁴
272 3031 416 3119 εὐγενοῦς·
433 3006 486 3090 Ῐνα
505 3022 537 3090 τί
555 3028 649 3102 οὕτως
665 3025 876 3109 ἀπονενόησαι,
894 3019 994 3101 σἰναίξιε
1009 3016 1131 3098 θηλαθή
1146 3035 1201 3103 τῆς
1215 3011 1293 3093 τῶν

271 3154 403 3244 οὐρανῶν
418 3144 592 3234 βασιλείας,
606 3148 681 3241 ὑπὲρ
699 3145 735 3225 ἧς
753 3148 814 3240 ἐγὼ
831 3145 935 3214 πάντα
954 3147 1057 3214 παθεῖν
1074 3146 1218 3239 εἱλόμην,
1238 3157 1277 3227 ὡς

270 3274 321 3342 καὶ
335 3274 423 3341 αὐτοὶ
437 3272 582 3365 μάρτυρες
595 3271 624 3339 σί
639 3271 687 3339 σοὶ
702 3276 742 3362 μὴ
764 3274 927 3368 βλέποντες
943 3271 1115 3366 ὀφθαλμοῖς
1139 3278 1172 3340 οὐ
1187 3278 1277 3350 συνη-

271 3424 349 3484 σεις,
366 3401 422 3466 οὐκ
438 3391 637 3486 ἀναβλέψας,
656 3401 711 3464 οὐκ
725 3396 788 3491 εἴση
807 3397 839 3463 τί
854 3400 891 3465 τὸ
911 3409 972 3478 φῶς
992 3399 1149 3482 αληθινόν,
1167 3401 1219 3467 καὶ
1238 3401 1276 3466 πο

271 3525 380 3603 σκότος
397 3524 554 3592 ἀπολιπὼν
567 3523 642 3615 πρὸς
658 3524 733 3591 αὐτὸ
756 3524 1024 3617 μεταπορευθόσῃς

307 3751 328 3794 1.
349 3742 488 3803 Ἆληθεινὸς,
500 3742 526 3793 Β.
814 3750 839 3795 5.
857 3740 923 3795 Add.
940 3742 993 3805 μέν,
1008 3741 1037 3792 Β.
1048 3740 1078 3791 C.
1088 3740 1118 3790 F.

305 3834 328 3876 2.
346 3827 431 3883 Deest.
445 3827 472 3877 B.
487 3828 564 3888 recte,
584 3829 614 3877 ut
625 3825 691 3876 mihi
706 3825 766 3893 qui·
813 3835 837 3877 6.
855 3826 994 3890 Ξεώμινος,
1009 3825 1039 3876 Β.

271 3907 331 3962 dem
341 3908 455 3990 νῖθεῑμι.
813 3916 836 3961 7.
854 3910 1006 3976 ἰινδριώδιις,
1021 3908 1050 3959 Β.

347 3994 466 4060 Κᾴκείνη,
478 3996 506 4047 Β.
541 3989 542 3992 '
817 4001 839 4045 8.
858 3995 998 4051 Ἀπιστείας,
1010 3994 1038 4045 B.

330 4079 534 4140 .Ὓπσμιήσιιειν,
546 4079 574 4129 Β,
