3300 5272
545 517 669 568 srurrus
694 517 732 565 rr
755 515 903 566 noricus.
1180 493 1225 564 33

151 667 157 686 ⁸
221 656 465 757 discipulerum
488 653 743 729 multitudinem
769 654 805 727 in
829 665 945 753 partes
974 675 1055 728 suas
1073 653 1227 730 celeriter

221 781 376 857 adduxit.
391 778 536 856 Plurimi
557 778 735 879 quideme
755 777 858 877 vulgo
876 779 1050 876 primum,
1070 776 1227 855 deindee

221 905 385 981 divitibus
402 914 438 979 et
461 900 639 996 delicatis,
660 926 737 978 sese
758 901 990 1002 voluptatibus
1018 902 1224 1000 eripientes,

209 1016 373 1104 ⁴oratores
400 1014 612 1103 Christianos
632 1027 723 1101 inter
749 1050 846 1100 areas
868 1049 909 1099 ac
935 1038 1069 1101 secreta
1091 1050 1225 1125 qurere-

222 1152 318 1250 bant,
335 1163 375 1226 ut
385 1148 509 1229 duram
524 1153 717 1251 fortemque
731 1149 908 1254 Evangelii
919 1150 1028 1224 vitam
1043 1149 1226 1227 discerent.

271 1276 444 1351 Diuturna
461 1274 601 1375 quidem
624 1298 711 1375 pace
730 1298 830 1348 usam
847 1298 923 1349 esse
947 1274 1144 1350 Africanam
1162 1277 1229 1349 Ec·
1345 1355 1347 1358 Α

223 1399 364 1475 ciceiam
396 1401 556 1475 arbitrari
583 1400 679 1475 licet.
716 1402 806 1477 Nam
836 1397 975 1475 alterius
1004 1411 1082 1475 onte
1113 1398 1233 1489 sarculi

222 1527 327 1601 tinem
340 1550 384 1601 ne
400 1525 508 1601 semel
528 1523 667 1627 quidem
688 1524 917 1610 Christianam
933 1524 1037 1602 iidem
1056 1546 1231 1627 oppugno·

222 1661 296 1724 tam
324 1673 402 1724 esse
430 1646 606 1746 ridemus,
634 1644 748 1749 neque
772 1650 834 1724 ulli
860 1649 1018 1725 dicuntur
1044 1663 1228 1750 martyres.

222 1777 302 1848 Iam
329 1771 518 1849 Commodo
556 1774 786 1872 imperitante,
826 1773 954 1872 ubique
989 1784 1160 1853 terrarum
1192 1776 1231 1850 in

150 1979 154 1992 ¹
224 1895 469 1996 tranquillitate
494 1920 552 1978 res
582 1896 793 1973 Chnstianas
822 1909 977 1997 versatas
1005 1898 1115 1974 luisse
1140 1923 1232 1975 com·

224 2011 364 2120 portum
391 2026 481 2095 esth
506 2023 583 2113 Quo
606 2034 765 2117 mortuo,
791 2023 883 2095 inter
901 2020 1099 2115 turbulente
1122 2024 1232 2122 reipu-

224 2143 324 2219 blicae
340 2155 517 2245 tempora,
534 2143 656 2219 eadem
676 2169 763 2245 pace
780 2156 977 2245 compotem
1003 2147 1150 2221 Seuerus
1172 2170 1233 2222 au·v
1279 2204 1281 2208 »

223 2279 296 2344 tem
332 2268 391 2369 qui
425 2266 591 2344 Ecclesia
621 2270 783 2368 primum.
809 2267 919 2363 lavit,
958 2280 1077 2368 utpote
1114 2273 1175 2369 qui
1209 2293 1232 2346 e

224 2396 267 2466 P.
282 2393 495 2493 Torpacione
511 2392 676 2493 quodam,
697 2392 889 2469 Christiano
908 2394 997 2487 viro,
1023 2405 1178 2487 sanatus,
1198 2397 1230 2471 ei

224 2515 385 2615 illiusque
406 2516 509 2591 sociis
531 2541 606 2591 sese
632 2540 822 2592 memorem
842 2516 1046 2617 praebuerit,
1058 2513 1234 2605 ‚dumoso

224 2641 313 2714 simo
338 2643 447 2727 anno,
475 2643 735 2739 persecutionem
762 2642 1020 2740 exercuitque
1045 2653 1143 2718 sexte
1163 2641 1232 2722 dici

224 2762 324 2837 solet.
340 2760 543 2839 Universsm
556 2762 654 2847 illam
665 2788 705 2839 ac
717 2766 941 2840 sevissimam
959 2767 1066 2843 luisse
1080 2778 1228 2862 constat,

223 2886 395 2986 imprimis
424 2887 515 2988 apud
543 2888 661 2963 Afros.
691 2892 737 2964 At
756 2897 830 2989 jam
858 2888 901 2964 ad
925 2890 1065 2967 ultimos
1089 2892 1233 2975 alterius

225 3011 346 3087 saeculi
366 3037 475 3090 annos
484 3068 500 3104 ,
525 3011 754 3113 quorumdam
781 3013 1053 3091 Christianorum
1077 3013 1230 3103 caedibus

225 3137 389 3212 Africana
409 3148 502 3213 terra
517 3137 719 3236 perturbata
737 3122 823 3232 luit3
839 3145 913 3237 jam
930 3162 953 3213 a
970 3140 1074 3238 vulgo
1087 3140 1232 3217 incrodi

225 3259 306 3334 bilis
318 3261 355 3334 in
373 3272 508 3334 nostros
522 3261 575 3335 ris
598 3261 666 3336 luit
682 3260 850 3354 adhibita,
868 3286 948 3336 cum
970 3274 1099 3359 tamen,
1118 3265 1233 3363 inquit

121 3399 126 3408 ·
227 3383 476 3474 Tertullianus,
489 3383 577 3459 nihil
596 3384 720 3460 hostile
734 3386 879 3485 spiraret
895 3385 1009 3461 adhuc
1026 3385 1068 3459 de
1086 3398 1228 3476 senatu,

226 3503 269 3580 de
288 3506 417 3607 equite,
438 3504 481 3581 de
499 3508 634 3603 castris,
654 3509 697 3582 de
719 3508 857 3608 palatiis
873 3510 971 3608 ipsis.
996 3511 1146 3604 Etenim,
1171 3511 1232 3611 3²·-
1267 3596 1274 3607 κ

225 3631 363 3705 turnino
388 3630 592 3735 proconsule
620 3644 656 3707 et
679 3632 820 3709 Claudio
846 3633 1231 3734 consule,Garthagine

224 3756 422 3854 interempti
434 3755 573 3832 luerunt
591 3756 758 3833 Scillitani
781 3770 952 3859 martyres
972 3782 1121 3860 quonum
1137 3778 1231 3856 egre

260 4140 282 4216 ιτ
300 4132 403 4190 Eusebii
415 4137 448 4205 V,
462 4142 502 4193 tt.
