3300 5272
498 457 647 520 utsnnn
674 461 843 524 renuis
874 463 1059 525 Lxxxnr.
1222 425 1223 428 Ὺ
1283 473 1337 523 155

265 617 524 681 Petulantiorum
544 620 714 684 bominum
739 620 907 686 audaciam
933 623 1040 686 statim
1058 646 1075 686 a
1094 623 1271 711 principio,
1289 622 1342 686 fu-

221 741 309 804 tilem
326 741 488 827 quamvis,
507 763 695 829 compesce,
722 765 828 831 neque
846 745 930 807 sinas
947 745 989 807 ab
1008 745 1164 833 improbis
1179 745 1295 810 haberi
1308 762 1340 809 te

221 865 429 953 contemptui.

268 1153 371 1216 Docet
387 1152 497 1218 fabula
512 1176 553 1217 ne
569 1154 733 1218 minorum
749 1155 879 1244 quidem
897 1155 1064 1220 ferendam
1081 1178 1151 1220 esse
1164 1156 1343 1245 despicien-

223 1278 318 1359 tiam,
337 1300 378 1341 ne
396 1276 472 1342 inde
491 1302 587 1367 prava
604 1280 813 1345 subnascatur
829 1278 1012 1346 assuetudo.

688 1691 878 1759 Lxxxlu.

591 1969 735 2040 EQUUS
765 1970 820 2029 ET
850 1971 983 2030 HOMO.

271 2301 353 2387 Equi
372 2298 496 2365 hordea
520 2300 652 2390 quidam
676 2301 778 2366 homo
804 2301 979 2367 comedens
994 2318 1157 2391 quotquot
1172 2305 1263 2369 ibant
1281 2305 1350 2370 dies

227 2446 264 2485 ac
277 2439 394 2511 potans
405 2473 414 2506 ‚
426 2424 562 2490 fricabat
578 2449 652 2491 eum
668 2440 830 2513 quotquot
847 2425 937 2488 ibant
951 2423 1019 2489 dies
1036 2447 1073 2488 ac
1087 2426 1243 2513 pectebat.

271 2548 361 2613 Dixit
387 2572 487 2638 equus
512 2573 520 2614 :
546 2551 604 2614 «si
631 2573 683 2614 me
706 2550 797 2638 cupis
815 2549 965 2639 pulcrunr
989 2571 1099 2614 revera
1114 2550 1197 2632 fieri,
1224 2572 1294 2614 nrea
1308 2574 1350 2615 ne

227 2700 239 2725 ·
255 2669 377 2735 vendas
389 2670 541 2736 alimenta
555 2703 578 2735 ν.

274 2793 466 2882 Opportuna
482 2817 553 2882 quae
574 2810 649 2859 sunt
665 2810 698 2859 et
712 2795 804 2859 utilia
827 2819 911 2859 curae
930 2817 1000 2859 esse
1023 2793 1144 2860 debent
1159 2796 1274 2859 amico.
1291 2795 1351 2860 Or·

230 2933 456 2983 namentorum
477 2918 633 3007 splendor
651 2920 697 2984 nil
724 2919 772 2984 illi
797 2919 942 3008 proderit
969 2922 1020 2999 (ne
1047 2918 1200 3001 dubites),
1232 2920 1352 2985 carebit

230 3042 285 3129 qui
300 3043 397 3108 rebus
414 3043 454 3108 ad
470 3045 568 3109 vitam
585 3046 781 3110 necessariis.

276 3353 419 3420 Praesens
435 3354 476 3419 ad
492 3354 567 3421 illos
584 3355 737 3445 dirigetur
752 3353 911 3434 narratio,
930 3352 1005 3438 qui,
1023 3372 1130 3414 rerum
1151 3350 1225 3415 loco
1240 3373 1352 3415 neces·

233 3481 403 3563 sarianum,
418 3484 622 3548 sermonibus
634 3498 758 3547 tantum
775 3479 940 3570 proximos
955 3477 1108 3542 inescant.

233 3891 348 3943 dentibus
355 3890 468 3942 versibus
481 3901 603 3949 οοοηιιιη,
614 3886 766 3937 utassabuta·
821 3899 950 3951 suppresso
962 3888 1016 3952 γὰρ,
1028 3885 1112 3936 addito
1123 3884 1177 3947 σάφ’
1189 3883 1246 3932 tots.
1262 3881 1354 3933 Poterit

232 3973 269 4022 no
290 3986 297 4020 ε
316 3972 352 4020 ὅτι
369 3975 418 4020 τῶν
433 3970 531 4036 καιρίων
550 3969 586 4018 δεῖ
601 3968 642 4016 τὸν
657 3969 767 4030 φιλοῦντα
819 3967 846 4014 et
858 3965 923 4014 aliud
935 3965 1014 4029 quaeri
1022 3963 1228 4027 supplementum.

234 4053 358 4113 φροντίζειν
371 4052 412 4100 καὶ
424 4046 594 4114 concuperent·
617 4047 706 4110 κόσμος
723 4047 768 4111 γὰρ
851 4043 1036 4093 Ababrrlationis
1046 4055 1094 4091 non
1108 4043 1147 4091 est
1166 4039 1242 4089 nitide
1256 4038 1355 4089 senten·

236 4131 301 4180 οὐδὲν
321 4131 407 4188 ὠνήσει
425 4131 465 4179 τὸν
483 4130 616 4193 ἀποροῦντα
634 4132 682 4176 τῶν
700 4128 768 4189 ἀναγ·
821 4127 864 4176 tia.
884 4132 911 4175 ln
929 4126 977 4175 flne
995 4122 1140 4179 ὃελιάζοντας
1160 4123 1355 4184 praestansque

237 4212 321 4259 ναίων.
339 4209 563 4260 eboliambicorum
579 4207 681 4269 vestigia
701 4210 769 4257 erant
823 4202 890 4252 (lucit
905 4200 979 4251 edite
998 4198 1177 4248 affabulationis
1188 4197 1355 4259 comparatio:

238 4291 298 4339 adeo
321 4286 592 4349 manifestamque
611 4286 769 4346 restiturum,
824 4287 874 4338 ταῖς
883 4278 1016 4333 κολακείαις
1027 4276 1187 4334 rodentem
1204 4275 1355 4330 &hetonae
