3300 5272
498 428 649 490 Blllillll
674 430 845 490 tssutt
874 431 942 489 tlt.
1218 440 1273 492 195

160 612 234 654 nem
249 592 444 680 cognomine
469 592 639 657 vocabant
658 591 803 657 Stolidus
826 591 898 673 ille,
931 607 963 656 et
984 592 1094 681 gloriae
1111 594 1216 683 impar
1231 594 1278 659 ie-

159 731 280 814 rendae,
309 755 327 796 a
349 733 519 799 tribulibus
541 736 723 823 segregavit
749 756 802 815 se,
825 757 863 799 ac
880 756 956 799 cum
979 733 1130 799 leonibus
1147 758 1278 801 conver·

160 873 297 939 sabatur.

202 1013 323 1104 Vulpes
348 1031 455 1082 autem
478 1015 652 1080 cavillatrix
679 1047 692 1071 ι
704 1016 755 1081 Ne
780 1013 819 1080 ad
843 1038 953 1079 sanam
969 1032 1111 1080 mentem
1126 1031 1279 1081 tantum»

160 1157 278 1245 inquit,
311 1188 324 1213 ι
339 1159 400 1223 sim
424 1181 569 1247 unquam
596 1155 799 1240 reducenda,
831 1174 987 1246 quantum
1020 1173 1056 1221 tu
1085 1181 1172 1222 nunc
1196 1180 1280 1223 vano

159 1298 267 1363 «fastu
286 1299 489 1398 intumescis!
506 1300 626 1388 quippe
647 1301 702 1387 qui
719 1301 803 1364 inter
827 1299 921 1388 lupos
939 1323 1048 1364 revera
1070 1299 1122 1364 leo
1144 1298 1280 1380 videris,

160 1443 333 1531 «interque
350 1442 462 1507 leones
479 1465 586 1507 rursus
602 1443 845 1531 comparatione
863 1441 900 1506 fis
918 1442 1050 1531 lupus».

206 1724 244 1787 ln
258 1746 313 1788 eos
325 1724 382 1812 qui
393 1747 492 1813 pravo
507 1724 711 1789 adulatorum
718 1722 843 1810 judicio
860 1724 998 1807 laudati,
1014 1722 1153 1813 indeque
1168 1747 1281 1815 super·

160 1865 307 1949 hiemes,
331 1863 450 1930 deinde
463 1866 504 1929 ita
519 1866 756 1929 convincuntur
770 1882 807 1930 ut
821 1889 854 1931 se
868 1867 923 1954 qui
938 1867 1004 1930 sint
1015 1883 1199 1954 agnoscant

685 2253 759 2319 Cll.

359 2522 442 2580 Lli0
472 2519 676 2579 studens
708 2520 849 2590 AEQUts
881 2518 1080 2580 LEGlBUS.

205 2845 272 2908 Leo
292 2842 421 2931 quidam
441 2841 614 2930 regnabat,
634 2864 701 2905 non
719 2839 906 2923 iracundus,
924 2862 1028 2927 neque
1045 2839 1201 2923 crudelis,
1219 2861 1279 2904 nec

161 2983 217 3071 qui
251 3002 378 3069 semper
406 2981 489 3043 vires
523 2994 660 3061 amaret,
688 2977 745 3044 sed
775 2995 960 3043 mansuetus
991 3001 1028 3043 ac
1048 2982 1165 3064 justus,
1191 2978 1280 3043 velut

159 3123 330 3187 hominum
346 3121 470 3210 aliquis.

204 3263 271 3326 Sub
288 3264 356 3348 ejus
376 3263 470 3352 igitur
487 3262 621 3351 imperio
647 3276 777 3325 narrant
801 3260 990 3325 silvestrium
1009 3260 1156 3325 habitum
1181 3259 1279 3325 fuisse

159 3403 334 3468 concilium
368 3404 594 3485 animantium,
631 3426 698 3491 quo
734 3403 872 3467 vicissim
912 3401 1029 3466 darent
1059 3423 1169 3489 poenas
1200 3400 1276 3465 lerze

160 3563 285 3610 cunctae
307 3545 356 3610 vel
372 3547 552 3635 acciperent
569 3544 717 3608 invicem.

204 3688 317 3769 Quum
329 3702 436 3752 autem
450 3684 574 3775 piacula
590 3683 717 3748 luerent
733 3685 828 3772 lupus
842 3704 940 3771 agno,
957 3681 1132 3772 rupicaprae
1147 3679 1277 3771 pardus,

189 4084 247 4134 rab.
260 4091 310 4135 etl.
322 4084 391 4135 conl.
401 4089 488 4146 corty.
496 4082 552 4132 rab.
563 4086 619 4133 ³⁸³.
741 4078 817 4141 γωγή.
826 4076 899 4139 Quod
909 4076 1018 4139 sequitur
1028 4075 1109 4126 δοῦναι
1118 4074 1175 4125 ltine
1184 4072 1273 4138 pande·

191 4167 214 4212 ³.
231 4162 421 4227 Α,πρὸςδ’ἄρα.
437 4161 527 4225 scripsi
543 4165 626 4226 πρᾷος.
647 4163 689 4208 η·
742 4155 779 4205 tit
802 4153 931 4204 mbaudito
949 4154 1027 4215 ὥστε,
1047 4154 1105 4219 πρὸς
1125 4152 1162 4203 τό,
1184 4150 1275 4204 ratuu

159 4234 691 4306 bulstollaltdllicsrpdamldizmcsslde
742 4232 829 4282 collata
851 4247 858 4281 :
883 4231 1051 4294 surcfipctspdc
1068 4231 1158 4295 ladem
1179 4229 1274 4281 ndum

159 4320 309 4382 rymuittus
319 4331 344 4382 p.
358 4322 396 4369 ts.
743 4311 809 4368 ζώων
824 4311 904 4360 δοῦναι
914 4308 997 4372 δίκας,
1012 4310 1053 4359 rat
1066 4309 1145 4359 latete
1161 4309 1219 4374 πρὸς
1233 4309 1274 4359 m·

193 4405 215 4449 ⁵.
229 4397 314 4449 suidas
325 4410 332 4447 :
345 4395 464 4461 ἀγυμιός·
479 4393 602 4454 masia,
616 4407 689 4444 susc·
741 4391 807 4449 lata.

1089 4508 1124 4548 rt.
