3300 5272
511 451 795 504 claraustuvnttsts
820 454 983 503 meroem.
1185 430 1250 502 109

248 578 353 670 Irene,
375 578 480 653 Paula
499 580 717 672 sarcinatrix,
734 580 960 678 sophronius,
982 579 1249 678 budinariusque

246 701 449 777 Soliassus¹.
481 705 512 776 Α
539 704 779 777 communione
804 727 886 778 vero
908 703 1047 797 exclusi,
1078 703 1244 802 plurimos

244 824 385 899 trahunt
401 827 438 898 in
455 837 568 924 partes
582 850 676 919 suas,
695 826 1119 926 factionisqueprineipem
1131 827 1247 926 ipsum

244 945 425 1021 diaconum
439 936 505 1022 sibi
517 951 710 1047 imponunt.
844 927 849 937 Ι

291 1075 381 1165 lam,
403 1085 443 1147 nt
461 1073 590 1147 dictum
603 1087 668 1166 est,
683 1073 867 1147 schismate
881 1073 1140 1148 delectabantur
1151 1072 1240 1167 Afri,

242 1196 331 1290 quia
342 1194 494 1295 diligenti
502 1219 620 1271 rerum
634 1198 907 1272 consideratione
920 1196 1158 1290 abhorrentes,
1174 1197 1245 1272 fer-

240 1318 309 1391 vidi
325 1294 451 1413 autem,
466 1343 506 1394 ac
517 1323 698 1420 paratioris
712 1323 772 1396 irae
783 1322 954 1414 homines,
972 1323 1245 1420 conjurationem

240 1444 367 1534 lacere,
383 1444 594 1539 tumultuari,
614 1446 733 1521 turbas
748 1446 882 1520 concire
896 1459 1126 1519 assueverant.
1147 1449 1243 1520 Dum

241 1568 394 1660 Graecos,
406 1571 631 1642 contentionis
641 1567 1040 1666 cupidissimos,torquet
1054 1568 1150 1642 verbi
1160 1592 1242 1641 con·

237 1817 272 1887 in
279 1816 443 1914 populum
460 1816 597 1912 injicere
608 1829 709 1914 atque
719 1815 876 1889 homines
888 1817 1057 1889 contraria
1071 1817 1107 1889 in
1130 1815 1241 1889 studia

236 1939 409 2012 diducere.
439 1942 524 2029 Qua
537 1938 654 2013 mobili
670 1950 772 2038 atque
792 1939 864 2012 acri
883 1937 1114 2015 Numidarum
1128 1938 1241 2037 place

235 2062 319 2136 bant
338 2063 487 2161 ingenio,
502 2062 621 2137 eadem
643 2062 843 2137 mulcebant
871 2063 1144 2138 Christianorum
1170 2065 1240 2139 ani·

234 2209 331 2275 mos;
346 2184 555 2284 jampridem
579 2197 654 2261 erat
680 2187 856 2285 cognitum
880 2209 988 2286 genus
1021 2185 1105 2260 illud
1134 2210 1239 2262 nova·

232 2333 310 2383 rum
325 2332 441 2383 rerum
454 2305 635 2387 avidum³.
664 2329 666 2333 ·

281 2435 413 2507 Interea
432 2434 536 2507 tantis
551 2434 802 2507 circumventus
823 2431 1108 2522 difficultatibus,
1124 2433 1238 2530 patria

231 2556 341 2650 exsul,
362 2559 451 2629 inter
466 2557 639 2631 inlinitum
657 2556 824 2647 laborem,
840 2557 1040 2630 dominicam
1059 2557 1239 2629 orationem

231 2679 443 2754 suavissimis
463 2681 742 2781 gravissimisque
763 2679 971 2778 explanabat
995 2678 1131 2770 verbis3
1152 2677 1237 2751 adeo

228 2826 283 2877 res
308 2826 387 2903 quac
413 2804 613 2904 languorem
635 2805 739 2879 affert
758 2804 876 2878 multis
901 2803 1110 2902 cyprianum
1137 2825 1237 2876 acue·

227 2929 299 3021 bat,
321 2927 485 3003 sottudot
503 2931 586 3018 Quae
608 2927 850 3002 Adrumetanis
869 2927 1050 3001 monacbis
1070 2927 1150 3025 legit
1168 2928 1236 3000 Au·

225 3054 382 3152 gustinus
405 3064 444 3128 ut
466 3053 491 3125 ii
523 3052 793 3152 «quibus'recte
810 3054 991 3126 vivimus»
1015 3075 1129 3124 mores
1147 3048 1235 3123 didi-

226 3178 371 3250 cerium.
402 3177 574 3259 Profecto,
596 3176 710 3250 locum
729 3177 960 3275 ,potissimum
990 3175 1121 3249 obtinet
1148 3173 1236 3247 liber

223 3298 378 3372 illatum
405 3323 519 3374 rerum
549 3302 770 3393 auctoritate,
799 3314 884 3375 tum.
905 3299 1005 3373 liberi
1032 3299 1165 3373 arbitrii
1192 3321 1233 3371 ac

222 3425 341 3520 gratiae
358 3424 569 3521 expositione
579 3414 608 3496 ⁵.
636 3427 720 3499 Cum
742 3448 823 3497 vero
846 3425 882 3495 in
900 3422 1064 3496 molestiis
1083 3420 1233 3495 acerbis-

222 3547 319 3621 simis
338 3559 441 3645 atque
458 3546 763 3621 turbulentissimis
787 3546 1049 3646 tempestatibus
1070 3545 1232 3619 Christia-

254 3764 277 3810 t.
295 3760 381 3825 ΕΜ.
395 3755 510 3824 xxm,
522 3759 594 3810 tuter
607 3758 689 3824 cypr.
702 3759 798 3825 opera.

252 3849 278 3896 2.
296 3839 409 3908 Tullius,
421 3842 454 3894 de
469 3845 591 3906 Oratore,
605 3840 627 3907 l,
642 3853 681 3893 n.

251 3932 276 3979 3.
294 3924 418 3987 salust,
429 3925 566 3990 lacertis,
576 3924 662 3979 XLVI.

252 4017 277 4062 4.
294 4010 337 4064 Aa
348 4011 533 4064 Valerianum.

253 4101 277 4144 5.
297 4090 371 4147 conf.
384 4090 500 4157 ceillier,
512 4095 534 4144 t.
545 4090 590 4158 111,
603 4106 631 4160 p.
645 4097 687 4145 tt.
