3300 5272
554 461 788 540 assuererunt
813 462 923 525 narro.
1178 443 1242 515 151

232 587 317 664 dum
336 590 405 688 ipsi
423 600 459 662 et
476 588 673 662 inornatum
691 585 863 662 scribendi
878 611 987 687 genus
1009 611 1147 689 semper
1169 586 1245 688 pla·

232 713 359 787 cuisse.
377 711 447 788 Sed
462 713 516 787 rir
527 713 837 813 temperatissimus
851 714 887 787 in
900 737 937 787 re
951 713 1046 791 omui
1060 704 1246 788 immodica

231 859 442 935 magnopere
473 835 639 946 fugiebat:
663 841 752 915 Item
786 862 869 912 sane
900 838 1123 937 praeelaraml
1152 838 1246 916 Nihil

231 961 324 1034 enim
348 960 576 1059 praestabihus
599 974 652 1034 est
680 986 785 1061 quem
809 965 845 1037 in
867 966 972 1039 eisin
998 962 1123 1064 quibus
1147 965 1245 1040 nimii

231 1096 314 1158 sunt
340 1095 376 1156 et
401 1087 557 1182 magistri
586 1098 621 1159 et
652 1087 802 1185 aequales
830 1091 1035 1189 sapientiam
1060 1092 1244 1188 consequi,

230 1231 334 1308 quam
356 1210 628 1285 moderationem
652 1226 687 1284 et
712 1212 898 1286 affectibus
924 1226 958 1288 et
983 1215 1128 1287 orationi
1152 1212 1248 1287 adhi-

230 1334 327 1408 bere.
353 1337 581 1433 Quapropter,
605 1359 686 1408 cum
711 1337 918 1410 Fenelonius
940 1336 984 1410 ad
1004 1327 1246 1415 Demosthenis

230 1458 500 1558 magnitudinem
526 1473 630 1556 atque
648 1459 903 1536 vehementiam
924 1460 1087 1543 accedere
1104 1459 1247 1561 Cypria·

15 1561 17 1565 ¹
128 1638 130 1640 -
230 1609 313 1663 num
341 1583 539 1671 arbitratur,
573 1607 654 1658 eum
691 1586 817 1684 egregii
847 1584 1064 1660 Atheniensis
1100 1584 1245 1661 oratoris

229 1709 489 1809 simplicitatem
500 1710 669 1785 Erasmus
688 1707 843 1782 obtinere
859 1721 959 1808 putat
974 1719 1000 1780 ¹.

278 1831 435 1905 Hincrir
454 1830 512 1905 ille
534 1831 571 1903 in
591 1829 753 1904 omnibus
767 1831 891 1905 litteris
904 1835 1161 1907 versatissimus
1173 1835 1245 1930 qui,

228 1981 310 2033 cum
330 1957 427 2053 prius
453 1957 677 2055 cyprianum,
697 1966 737 2030 ut
750 1958 811 2049 ait,
827 1967 862 2030 et
877 1950 1024 2066 carptim
1041 1971 1076 2031 et
1091 1958 1244 2032 oscitans

228 2081 377 2181 legisset,
408 2081 489 2157 huie
509 2083 761 2181 Hieronymum
786 2083 997 2180 praetulerat,
1020 2080 1143 2157 deinde
1166 2063 1243 2182 pro·

226 2209 305 2307 pius
323 2208 588 2305 contemplatus,
619 2205 746 2284 dubius
778 2210 845 2283 luit
862 2220 981 2283 utrum
1008 2210 1078 2282 utri
1096 2220 1242 2305 antepo-

226 2341 335 2422 neret,
356 2323 456 2420 a'deo,
474 2330 599 2427 inquit,
618 2331 691 2405 suis
708 2341 852 2428 uterque
875 2329 1059 2405 virtutibus
1082 2355 1241 2405 summus

225 2453 371 2528 ridetur.
391 2457 477 2529 eum
496 2455 589 2538 enim
601 2456 834 2554 Hieronymus
847 2457 883 2529 in
905 2456 977 2530 risu
992 2478 1087 2554 paene
1104 2455 1149 2528 sit
1174 2457 1240 2528 im-

226 2577 399 2671 modicus,
418 2577 565 2654 subinde
590 2581 717 2654 nimius
736 2582 772 2653 in
789 2579 1028 2680 exspatiando,
1051 2578 1240 2679 plurimum

226 2703 423 2780 admiscens
447 2726 491 2778 ex
514 2702 671 2802 profanis
696 2701 834 2794 studiis,
860 2705 1003 2801 propius
1025 2703 1084 2778 ille
1107 2701 1242 2778 accedit

226 2828 271 2905 ed
289 2852 410 2903 serum
426 2825 512 2903 illud
526 2851 568 2901 ac
586 2826 743 2902 naturale
759 2825 894 2902 dicendi
907 2850 1031 2928 genus,
1052 2829 1088 2902 et
1103 2808 1241 2928 longius

226 2956 272 3031 ab
299 2957 374 3055 ipsa
400 2937 660 3030 declamationis
686 2953 788 3028 abest
813 2953 957 3047 umbra,
977 2954 1091 3055 magis
1112 2955 1239 3052 ubique

225 3080 350 3170 serius,
370 3077 500 3177 ubique
528 3079 707 3155 sincerior.
730 3077 825 3156 Nihil
841 3077 934 3152 enim
950 3079 986 3152 in
1010 3078 1077 3152 hoc
1094 3063 1239 3178 reperiri

223 3212 339 3298 potest
371 3232 385 3266 «
418 3201 512 3300 quod
546 3201 592 3276 ed
621 3203 886 3276 ostentationem
915 3203 1046 3300 ingenii
1084 3201 1243 3275 rideatur

221 3325 407 3417 adscitum,
425 3337 486 3401 aut
512 3323 613 3425 quod
626 3324 696 3399 ullo
716 3337 819 3423 pacto
833 3324 987 3400 Africam
1012 3327 1136 3423 sapiat,
1159 3348 1240 3423 quae

223 3450 308 3529 sitia
322 3471 395 3523 nen
410 3448 537 3523 absunt
556 3449 783 3547 Hieronymo.
805 3447 899 3522 Talis
917 3446 1046 3547 ubique
1068 3451 1237 3524 sermonis

222 3573 441 3665 tabremon,
459 3585 499 3647 ut
514 3573 610 3671 loqui
629 3575 759 3647 sentias
774 3596 852 3646 rere
865 3573 1093 3669 christianum
1105 3574 1237 3673 episco-

221 3722 319 3797 pum,
340 3721 381 3773 ec
395 3700 565 3798 martyrio
583 3695 793 3773 destinatum
813 3707 839 3770 ².
864 3732 877 3764 e
900 3740 947 3807 7-
967 3700 1019 3771 fta
1036 3698 1067 3771 is
1085 3697 1236 3797 antiqui-

244 3910 280 3985 t.
297 3931 431 3992 Erasmus,
445 3933 576 3996 pretato
586 3933 624 3985 ad
636 3935 765 4000 cyprtuat
775 3945 868 4000 operm
881 3936 954 3985 fest.
973 3928 1097 3998 Fdnelon,
1109 3933 1236 3998 Dtetoeue

221 4030 269 4069 eur
281 4007 454 4083 tsstoquence.

254 4110 279 4152 a.
297 4097 399 4154 Erasmi
409 4101 526 4163 ,Prusae
539 4100 577 4153 od
588 4104 714 4168 cyprian.
725 4116 817 4169 opero.

1244 4040 1247 4047 s
