3300 5272
490 442 638 502 11111111
672 443 843 504 Ftssutt
878 446 976 506 xctt.
1237 459 1289 509 111

176 605 361 693 «perpetiar
383 606 604 671 contumelias.
630 608 713 671 Nam
736 631 788 671 me
808 624 974 695 praetereat
996 608 1068 688 ille,
1087 612 1219 696 jamque
1233 634 1292 674 co-

175 786 186 808 «ι
202 776 337 841 gnosces
356 777 373 816 a
390 769 481 818 tauro
498 771 653 842 quantum
669 754 830 843 discrepet
842 757 952 820 hircus
966 788 993 820 a.

219 1003 257 1064 In
274 1024 329 1066 eos
346 1005 402 1089 qui
416 1005 654 1090 potentioribus
683 1005 857 1085 insultant,
886 1006 1007 1072 scilicet
1032 1009 1190 1097 oppressis
1212 1007 1292 1073 cala·

175 1143 295 1191 mltate.

675 1571 783 1641 XCII.

502 1855 715 1917 VENATOR
751 1857 956 1917 PAVIDUS.

216 2202 356 2264 Leonem
371 2215 504 2263 venator
518 2197 650 2287 quidam
662 2197 849 2265 inaudacior
863 2199 1040 2287 vestigabat
1051 2223 1110 2289 per
1127 2203 1287 2269 montium

169 2324 263 2388 silvas
280 2323 403 2389 umbris
417 2324 640 2412 opacissimas.

214 2448 379 2537 Lignatori
393 2469 560 2535 proceram
577 2450 668 2534 juxta
684 2449 798 2537 pinum
821 2447 951 2531 obvius,
977 2448 1034 2513 «0
1055 2469 1113 2536 per
1135 2464 1166 2512 te
1189 2448 1289 2536 Nym·

170 2572 278 2660 «phas
293 2603 324 2652 ι»,
348 2573 408 2653 ait,
438 2572 573 2637 «nostin
591 2571 722 2661 vestigia
742 2571 844 2636 leonis
860 2574 916 2661 qui
938 2571 993 2637 hio
1014 2571 1162 2637 locorum
1181 2571 1288 2637 stabu-

169 2726 181 2748 ι
198 2694 281 2759 latur
296 2697 330 2759 n?

212 2820 366 2908 Lignator
381 2837 492 2886 contra
509 2845 517 2886 ε
533 2853 545 2878 ι
559 2827 602 2890 At
616 2846 683 2887 non
697 2824 766 2887 sine
781 2822 830 2887 dis
846 2822 1040 2912 ingrederis:
1046 2822 1189 2885 Leonem
1202 2821 1287 2886 enim

165 2973 177 2998 ι
192 2943 299 3031 ipsum
312 2946 380 3029 jam
398 2947 587 3013 monstrabo
608 2947 667 3013 tibi
682 2978 706 3011 s.

210 3068 269 3130 Ast
291 3065 345 3132 ille
362 3070 552 3161 exsanguis,
571 3069 772 3158 molaresque
798 3068 973 3150 collidens,
1000 3067 1073 3132 «Ne
1092 3067 1172 3130 mihi
1188 3066 1287 3155 plus·

167 3188 226 3269 uit,
254 3190 446 3279 «impertias
474 3215 571 3280 quam
597 3215 687 3281 rogo.
710 3192 886 3281 Vestigium
909 3190 1036 3270 indiea3
1061 3213 1102 3253 ne
1128 3204 1286 3253 monstres

166 3341 179 3367 ι
196 3311 323 3376 leonem
337 3345 359 3379 ι,
445 3384 455 3393 .

212 3437 368 3500 Homines
386 3437 573 3502 criminatur
595 3437 721 3519 fabula,
745 3438 853 3501 verbis
883 3433 1011 3525 quidem
1040 3433 1139 3503 fortes
1168 3433 1224 3520 qui
1252 3455 1286 3495 se

166 3574 333 3645 praestant,
351 3582 451 3647 quum
463 3562 527 3625 sint
542 3561 640 3625 rebus
657 3560 789 3648 agendis
807 3562 957 3648 impares.

199 3960 235 4005 ta.
251 3963 281 4018 Α,
296 3957 505 4022 ἐπιδεικνυμένους,
519 3958 594 4024 ἔργοις
609 3959 635 4009 δὲ
652 3958 700 4009 ἁνι-
752 3959 825 4021 ᾰγιιν.
836 3963 862 4007 F.
874 3962 915 4017 ⁴3,
926 3963 941 4006 5
953 3958 1006 4005 :ini
1016 3958 1065 4011 τοῖς
1080 3954 1105 4002 ot
1123 3952 1226 4016 aspona.
1239 3948 1284 3999 Sed

165 4034 250 4093 ιιὰνους
273 4036 480 4101 ἀποφαινομένους.
505 4038 699 4089 Choliumbicutn
752 4036 841 4088 11110111
858 4034 993 4086 ttnosimul
1009 4031 1128 4083 vocabulo
1146 4029 1223 4093 magis
1239 4027 1288 4080 (111·

168 4113 278 4175 reparari
294 4114 428 4177 quarunt.
444 4115 569 4180 Anapum
583 4115 632 4166 duo
651 4130 699 4167 non
753 4115 850 4183 plicent.
868 4120 927 4165 Fere
943 4112 1080 4177 putaverim
1094 4110 1158 4160 hane
1168 4106 1285 4163 sisebutus

165 4191 236 4242 aliter
244 4191 418 4243 oonttnuantur
426 4193 484 4244 reb.
498 4198 522 4255 3,
534 4200 547 4244 1
558 4210 564 4243 :
577 4195 616 4245 tut
627 4196 701 4253 σηκὸν
754 4193 846 4243 tionem
858 4205 906 4244 uon
916 4205 970 4243 esse
979 4190 1131 4243 nnuman.
