3300 5272
547 403 694 462 BABRH
721 402 890 463 innuis
919 401 1018 459 ctu,
1278 409 1329 459 am

729 784 832 851 CVII.

623 1038 711 1097 LEO
741 1038 800 1097 ET
830 1038 925 1099 MUS.

264 1354 388 1419 Murem
402 1375 420 1416 a
434 1375 468 1416 se
481 1365 608 1439 captum
622 1351 674 1415 leo
688 1353 818 1436 jamjam
834 1366 901 1414 erat
917 1364 1108 1414 coenaturus.

265 1477 329 1542 Fu'r
353 1492 459 1541 autem
482 1474 690 1556 domesticus,
718 1476 882 1563 proximus
909 1474 985 1562 (heu
1016 1474 1113 1537 miser
1121 1471 1142 1557 l)
1168 1473 1254 1555 fato,
1283 1473 1337 1537 tali

221 1604 368 1667 oratione
382 1602 517 1690 supplex
532 1601 668 1690 rogabat
689 1600 828 1665 belluam
843 1623 850 1664 :

265 1729 409 1790 «Cervos
432 1725 523 1789 decet
546 1740 594 1806 te,
623 1740 792 1812 taurosque
811 1738 965 1787 cornutos
989 1722 1113 1804 venari,
1130 1721 1247 1810 talique
1262 1745 1340 1786 ven-

221 1867 329 1915 «trem
345 1872 441 1913 carne
464 1849 627 1936 saginare,
646 1849 804 1912 murinam
828 1871 904 1912 vero
921 1870 1043 1911 coenam
1061 1870 1102 1910 ne
1120 1848 1252 1910 summis
1270 1848 1340 1934 qui-

220 2005 233 2031 ι
249 1972 321 2037 dem
339 1972 451 2052 labiis,
475 1972 553 2060 ipsis
576 1972 639 2036 tuis
662 1972 768 2054 labiis,
793 1972 956 2060 attingere.
977 1973 1052 2053 Ast,
1076 1993 1200 2059 precor,
1216 1993 1339 2059 parcas.

221 2128 234 2154 «
249 2098 370 2163 Forsan
383 2097 516 2187 gratiam
529 2097 589 2161 tibi
601 2095 657 2160 tali
668 2118 726 2184 pro
736 2094 906 2176 beneficio,
920 2095 1062 2159 tantulus
1077 2118 1149 2184 ego,
1162 2095 1300 2158 referam
1315 2125 1338 2158 ι.

264 2219 384 2286 Ridens
408 2220 515 2285 bellua
532 2220 711 2309 supplicem
736 2219 825 2284 abire
849 2219 958 2282 vivum
973 2240 1085 2306 passus
1110 2233 1167 2282 est.
1193 2220 1241 2281 Ac
1263 2240 1340 2282 mox

221 2345 254 2407 in
271 2344 449 2409 venationis
465 2343 626 2408 studiosos
639 2345 771 2429 juvenes
788 2342 951 2420 incidens,
971 2341 1114 2405 cassibus
1130 2340 1191 2405 fuit
1205 2341 1340 2407 circum·

221 2483 350 2550 ventus,
365 2483 413 2549 et,
428 2467 556 2532 labente
570 2469 721 2556 vestigio,
737 2466 874 2531 vinculis
890 2466 1013 2556 ligatus.

264 2593 358 2655 Tune
372 2592 468 2681 coepit
483 2591 535 2655 leo
553 2591 720 2679 desperare
736 2590 883 2656 salutem.

265 2718 322 2779 Ast
339 2738 409 2779 mus
424 2715 506 2779 clam
529 2739 547 2779 e
569 2716 689 2779 latebra
706 2716 894 2804 prosiliens,
917 2738 973 2797 ac,
990 2713 1132 2779 validum
1147 2714 1341 2779 brevissimis

221 2841 372 2927 laqueum
388 2861 533 2904 resecans
549 2838 713 2922 dentibus,
728 2837 869 2927 expediit
882 2862 921 2903 ex
937 2838 1030 2903 nodis
1051 2838 1171 2920 lerum,
1199 2839 1255 2927 qui
1273 2842 1339 2926 jam

221 2963 303 3027 liber
316 2962 416 3027 hacce
440 2962 600 3027 frueretur
614 2963 704 3046 luce3
725 2978 757 3027 et
774 2963 820 3027 sic
835 2963 935 3027 vitam
948 2977 1088 3051 acceptae
1101 2964 1173 3026 vitae
1186 2963 1342 3027 retribue-¹

221 3086 279 3149 bat
292 3085 420 3173 dignam
436 3086 626 3151 mercedem.

267 3210 438 3299 Perspicua
463 3210 577 3275 fabulae
602 3233 693 3274 mens
718 3210 883 3275 benevolis
909 3225 958 3274 est
983 3208 1171 3274 bominibus
1193 3233 1201 3275 ι
1221 3210 1342 3274 scilicet

222 3355 378 3421 pauperes
406 3349 559 3422 oportere
580 3334 683 3398 salvos
708 3350 873 3423 prostare,
891 3355 952 3397 nee
974 3332 1015 3397 de
1042 3334 1080 3396 iis
1104 3332 1290 3422 desperare,
1314 3334 1340 3396 si

222 3455 355 3545 quidem
369 3456 420 3522 vel
434 3457 561 3524 leonem
577 3482 596 3522 a
611 3458 818 3523 venatoribus
834 3473 961 3546 captum
972 3456 1108 3521 servavit
1122 3457 1296 3522 musculus.

257 3814 294 3857 ti.
313 3814 345 3870 Α,
360 3807 483 3858 κάντεῦθεν
492 3806 624 3869 ἀπεγνώκει
638 3808 705 3872 ὀθὴρ
714 3808 757 3866 τὴν
809 3805 916 3869 ponebat
926 3805 1034 3868 castilio,
1052 3805 1093 3864 ῑοη
1113 3804 1191 3861 αὐτοῖς
1209 3804 1230 3853 δ’
1248 3804 1340 3863 ἤλυθον.

222 3885 756 3952 σωτηρίαν.ὓοΙεῑοτὴνῑτοοεροοιιί,ωοίωω
808 3893 974 3951 Transponsm
995 3887 1075 3938 lenius
1092 3900 1098 3935 :
1117 3887 1219 3936 ἐποίουν·
1232 3884 1342 3943 witois&

223 3969 387 4029 reparaturus.
401 3972 442 4017 Eat
455 3966 609 4030 transpositio
622 3966 756 4016 remedium
807 3968 850 4027 ῐοη
861 3969 953 4027 ήλυθεν.

222 4045 436 4107 parabilissimnm.
461 4046 566 4096 ononis
590 4046 705 4108 sibyllina
728 4053 757 4106 1,
843 4052 880 4098 13.
897 4046 1128 4112 suidastxspapoi·
1145 4048 1167 4096 ot
1182 4047 1283 4109 φωλιοὶ,
1295 4050 1343 4095 τῶν

166 4192 169 4196 ’
223 4127 271 4174 7⁸:
287 4127 333 4174 Καὶ
342 4126 457 4189 πολέμους
468 4126 571 4176 ἐποίουν·
582 4127 614 4182 εἰς
632 4126 653 4175 δ’
670 4124 755 4183 αὐτοὺς
808 4127 893 4193 θηρίων
903 4130 928 4176 ai
938 4128 1088 4183 καταδύσεις.

222 4205 305 4264 ἤλυθον
322 4206 376 4263 ἀτη.
396 4205 476 4255 teotio
492 4205 572 4255 nitida
588 4205 699 4268 quidem,
711 4205 755 4255 sod
840 4212 878 4256 18.
897 4208 938 4256 ist
949 4210 997 4255 τῶν
1011 4218 1056 4269 pro
1065 4205 1163 4255 τούτων.
1174 4205 1215 4257 sio
1225 4205 1287 4256 rab.
1300 4210 1342 4269 77,

223 4284 399 4346 conjecturalis.
419 4284 520 4336 codioas
537 4284 653 4336 exhibere
669 4286 753 4335 dionu-
810 4284 902 4335 lozsdv
912 4287 928 4344 ἡ
940 4287 1001 4350 σοφὴ
1014 4285 1129 4335 Mision.
1139 4285 1342 4336 stimulationem

223 4367 273 4424 tur,
282 4363 341 4421 ῑοοη
353 4363 374 4412 δ’
383 4363 470 4425 αὐτοῖς,
481 4362 525 4423 ton
535 4364 556 4413 δ’
568 4363 656 4420 αὐτοῖς.
668 4369 755 4413 Trans·
807 4365 879 4414 aliam
890 4364 1003 4415 Julianus
1015 4364 1132 4428 probabit
1142 4365 1246 4428 touton
1260 4366 1342 4414 extre·
