3300 5272
498 515 779 567 cturnthMBtlsts
804 515 964 564 nrsronu.
1192 495 1235 564 at

234 645 432 739 nescioquo
453 643 546 716 lacto
579 666 656 715 eum
692 642 876 715 Fcnolonio
898 643 953 714 cui
981 653 1095 714 tamen
1126 642 1240 715 minus

236 764 404 861 placebat,
425 766 598 839 interdum
622 781 852 863 comparatur.
876 766 912 840 Si
930 768 1021 839 viros
1049 790 1128 839 ase
1150 764 1241 840 mul-

236 904 309 963 tum
327 887 492 962 distantes
512 890 704 964 assimilare
720 889 839 981 libeat,
857 891 986 989 quippe
1004 912 1085 962 cum
1101 888 1240 973 coelom,

236 1036 304 1106 res,
316 1024 400 1088 aetas
413 1013 623 1088 alienissima
632 1016 713 1108 sint,
726 1015 898 1088 Bossuetii
907 1026 1155 1088 tumamornm
1163 1016 1245 1087 sim·

238 1139 402 1234 plicitum,
426 1155 501 1213 tum
520 1139 564 1212 ob
577 1162 677 1236 aequa
695 1137 863 1213 sentiendi
885 1139 1129 1213 consuetudine
1147 1138 1246 1212 illum

239 1263 435 1361 propiorem
449 1263 622 1336 existimo.
644 1261 736 1336 Idem
754 1277 789 1335 ct
816 1262 992 1360 ingenium
1008 1261 1116 1335 altum
1136 1285 1177 1334 ac
1191 1285 1247 1334 su·
1282 1289 1286 1294 ·

241 1384 348 1459 blime'
363 1387 473 1459 oritur
491 1409 534 1459 ex
552 1383 673 1460 eadem
692 1409 829 1460 summa
852 1384 1086 1484 injudicando
1104 1383 1249 1482 pruden-

242 1510 291 1582 tia
312 1519 417 1608 atque
434 1513 569 1609 optima
587 1524 713 1584 monte.
736 1510 805 1585 Sed
821 1509 866 1584 ab
883 1522 1029 1608 utroque
1051 1509 1170 1583 dilfert
1186 1513 1248 1583 Fe-

243 1633 400 1707 nelonius
417 1635 477 1732 qui
495 1637 546 1708 ita
562 1636 709 1709 artificio
729 1634 931 1728 delectatur,
947 1636 1007 1733 qui
1024 1634 1183 1708 homines
1202 1634 1252 1706 ite

244 1758 359 1831 titillat
377 1771 413 1833 et
430 1782 533 1833 eures
550 1758 755 1856 permulcet,
770 1761 831 1857 qni
843 1783 917 1835 sese
929 1761 967 1834 in
980 1757 1188 1858 quibusdem
1204 1758 1253 1831 ita

245 1883 512 1979 intemperatum
525 1883 643 1969 habet,
660 1885 722 1981 qui
739 1884 878 1958 undem
890 1895 1069 1958 venustate
1082 1907 1124 1956 ac
1137 1882 1252 1980 lepore

246 2008 295 2078 ita
313 2029 451 2104 semper
462 2009 577 2081 effluit
589 2019 629 2082 ut
636 2009 749 2106 meme
758 2009 958 2106 ingeniosus
967 2009 1113 2104 scriptor
1125 2018 1160 2080 et
1173 2028 1253 2080 con·

248 2142 442 2204 summotus
466 2132 590 2205 artifex
617 2147 733 2228 quam·
747 2133 936 2230 imperator
954 2133 1083 2230 gravia
1103 2131 1252 2226 sepiens,

249 2256 442 2353 errorisque
459 2279 582 2353 expers
601 2278 677 2329 esse
696 2235 865 2329 rideatur.

298 2382 460 2452 Attamen
477 2380 686 2476 cyprianum
694 2385 856 2476 Juvenum
875 2391 985 2452 artem
998 2380 1183 2451 oratoriam
1194 2377 1256 2450 do·

251 2504 364 2576 coisse
372 2516 587 2600 compertum
597 2515 650 2575 est
659 2515 684 2592 ¹,
694 2514 730 2576 et
738 2501 938 2600 aliquandiu
946 2504 982 2575 in
994 2502 1137 2576 dicendo
1152 2501 1259 2575 affec·

253 2642 344 2700 tasso
356 2626 542 2699 ambitiosa
559 2640 763 2700 ornamenta
774 2649 852 2723 quae
866 2625 910 2700 nd
926 2626 1102 2699 Christum
1117 2647 1259 2700 conver·

254 2775 314 2825 sus
330 2750 508 2824 celerrime
524 2750 659 2825 recidit.
682 2751 917 2840 Quamobrem
941 2752 977 2824 in
995 2750 1118 2824 litteris
1135 2751 1261 2848 quibus

256 2879 392 2951 Donato
403 2878 479 2949 viro
489 2876 555 2949 sibi
565 2877 776 2950 amicissimo
789 2898 907 2950 recens
918 2876 1129 2950 Christianus
1140 2899 1262 2950 sensus

256 3024 337 3073 suos
358 3001 480 3098 aperit,
500 2999 658 3097 qnaedam
676 2999 896 3098 reprehendit
905 2984 1129 3100 Augustinus,
1145 3010 1264 3098 utpote

258 3147 336 3219 quae
345 3122 555 3198 rhetoricam
563 3123 706 3198 olerent.
720 3125 1005 3223 Quumveroejus
1016 3123 1263 3210 libroserolro‚

260 3247 383 3320 veteris
408 3246 692 3344 inuoluptatibus
719 3247 840 3332 mundi
863 3249 1071 3346 cyprianum
1091 3257 1265 3320 versatum

261 3369 368 3442 luisse
389 3368 548 3458 arbitror,
582 3372 640 3467 qui
659 3371 792 3445 scilieet
815 3369 857 3444 de
883 3370 987 3444 rebus
1016 3368 1166 3468 loquitur
1181 3371 1268 3443 vivi-

261 3492 411 3566 dissimis
426 3491 494 3566 illis
511 3516 592 3567 cum
611 3494 770 3568 sensibus
789 3518 879 3592 quos
897 3494 1076 3568 hominum
1090 3518 1176 3568 usus
1192 3507 1269 3567 tan·

263 3635 336 3694 tum
350 3619 432 3694 dare
445 3619 545 3693 solet.
569 3621 605 3693 Si
620 3643 702 3718 ergo
721 3620 763 3693 de
781 3619 924 3693 theatris
941 3619 1049 3694 verba
1070 3619 1165 3704 lacit,
1183 3644 1268 3717 geu·

263 3745 310 3819 dii
324 3747 361 3818 in
378 3744 584 3843 spectaculis
604 3743 736 3817 iontem
757 3742 841 3816 dicit
866 3745 955 3817 oriri,
974 3767 1016 3817 ex
1039 3744 1108 3818 illis
1130 3744 1271 3816 secretis

265 3881 368 3967 atque
397 3868 555 3943 dulcibus
583 3867 767 3942 aflectibus
795 3867 920 3964 quibus
948 3869 1141 3941 concitatur
1167 3868 1270 3941 homo

304 4170 324 4214 t.
345 4164 425 4224 Lact,
439 4167 529 4214 motu.
545 4165 617 4224 lust..v
633 4160 651 4211 l.
665 4161 694 4220 V,
707 4171 716 4212 ι
729 4198 736 4214 .
749 4164 775 4211 rt
787 4160 904 4221 Hieron..
914 4161 945 4212 dr
956 4163 1050 4226 script.
1063 4162 1205 4214 extestost.
