3300 5272
890 457 1039 518 babiti
1066 458 1235 519 tinuit
1268 460 1301 519 Χ.

863 1066 1051 1128 incitati
1083 1067 1137 1125 ET
1169 1065 1323 1127 VENUS.

490 1436 493 1441 ,
575 1364 716 1452 Turpem
734 1359 864 1450 quidam
882 1383 919 1424 ac
942 1359 1025 1424 male
1049 1359 1213 1424 sordidam
1230 1359 1379 1423 ancillam
1398 1357 1531 1424 arulebat
1547 1382 1636 1423 suam

532 1519 564 1568 et
579 1504 724 1593 poscenti
739 1501 903 1591 praebebat
918 1515 1033 1563 cuncta
1050 1499 1265 1589 paratissime3
1296 1521 1366 1586 quae
1380 1496 1548 1562 abundans
1561 1523 1640 1562 aum

531 1662 727 1733 tenuemque
740 1642 796 1707 filo
811 1642 942 1706 trahens
954 1642 1038 1706 circa
1051 1661 1141 1707 suras
1153 1663 1341 1729 purpuram,
1359 1641 1468 1728 quavis
1482 1642 1650 1704 occasion

532 1809 670 1878 pugnam
684 1785 825 1851 dominae
838 1785 976 1850 familias
989 1783 1191 1849 conserebat.

575 1927 735 1992 Venerem
754 1943 859 1990 autem
879 1941 992 2015 utpote
1007 1926 1169 1990 felicitatis
1190 1942 1356 1990 auctorem
1370 1925 1512 1989 incensis
1527 1923 1650 2012 lychni

531 2074 735 2157 honorabat,
752 2090 801 2156 et,
818 2073 905 2137 nulla
923 2096 990 2136 uon
1005 2073 1059 2137 die
1073 2071 1274 2154 sacrificans,
1295 2074 1508 2163 precabatur,
1531 2073 1637 2162 suppli

530 2218 642 2297 cubat,
672 2216 831 2305 rogabat,
863 2215 968 2280 donec
994 2214 1125 2280 tandem
1140 2216 1303 2280 ambobus
1324 2239 1389 2281 una
1413 2216 1650 2281 dormientibu

531 2356 656 2421 adstitit
668 2379 726 2444 per
740 2379 872 2419 somnos
883 2354 961 2436 dea3
978 2371 1024 2437 et,
1038 2356 1239 2420 ancillaevisa
1250 2357 1468 2440 cumoculos,
1484 2390 1497 2414 ι
1508 2359 1558 2423 Ne
1571 2361 1649 2423 mih·

530 2527 542 2552 ι
558 2496 692 2586 gratiam
708 2496 827 2560 referas
837 2495 929 2583 quasi
947 2509 979 2557 te
994 2494 1140 2584 pulcram
1153 2495 1285 2559 fecerim
1301 2518 1309 2558 :
1327 2494 1378 2558 isti
1394 2525 1407 2549 υ
1419 2493 1535 2583 inquit,
1550 2525 1563 2550 ι
1577 2518 1633 2558 suc

531 2668 544 2690 a
560 2657 678 2700 censeo
698 2635 753 2698 cui
768 2633 876 2722 pulcra
890 2633 1010 2698 videris
1024 2666 1045 2697 υ.

573 2812 779 2897 Quicumque
796 2811 947 2900 turpibus
962 2809 1082 2899 gaudet
1098 2828 1133 2875 ut
1149 2812 1287 2900 pulcris,
1311 2828 1360 2876 est
1374 2811 1529 2877 divinitus
1543 2828 1650 2877 ment

530 2980 700 3046 percussus
716 2980 778 3022 nec
792 2957 919 3046 integer
937 2957 1046 3021 animi.

530 3319 702 3391 aristenetum
712 3321 898 3381 pinamonte
908 3319 980 3381 Epist.
990 3332 1014 3381 p.
1024 3324 1064 3369 59:
1118 3317 1261 3379 scribenda,
1286 3319 1324 3368 vei
1347 3320 1447 3381 propter
1466 3318 1633 3381 symmetriam

529 3398 610 3449 littere
620 3400 645 3449 tt
656 3400 697 3448 ml
714 3400 780 3460 ὑμῶν
798 3392 932 3461 ἐμεμνῆμην
948 3400 989 3447 καὶ
1006 3399 1063 3447 ὠνό·
1117 3400 1141 3449 ἐν
1154 3399 1317 3464 συγγράμματι
1321 3436 1367 3449 .....
1379 3399 1404 3448 bt
1412 3397 1478 3462 πάσῃ
1489 3398 1571 3448 celibi.

530 3479 671 3540 μαζονύμᾶς
683 3476 707 3526 lv
719 3481 754 3539 τῷ
764 3476 938 3540 συγγράμματι,
952 3476 1063 3540 ὧσπιροῑ
1148 3482 1171 3527 9.
1190 3477 1257 3527 Melit
1275 3480 1356 3536 Μηνᾶς
1375 3497 1381 3525 2
1399 3476 1464 3534 Ἕως
1479 3475 1533 3526 ποτ’
1548 3475 1618 3534 αὐτῆς

529 3557 625 3622 iprum
636 3557 689 3613 τοὺς
699 3556 818 3620 φιλτάτους
829 3557 867 3606 ἐπὶ
877 3556 942 3618 πάσῃ
975 3553 1064 3604 ‚addi
1117 3558 1167 3613 θεὸς
1175 3559 1341 3616 enituistis-nr·
1356 3556 1518 3620 probabilius,
1535 3555 1560 3604 ni
1573 3554 1643 3604 satior

529 3635 567 3685 dit
587 3636 625 3684 vir
641 3635 747 3686 eximius
756 3642 812 3699 τιμῇ
831 3648 875 3698 pro
892 3648 951 3684 voce
963 3649 1018 3697 quae
1038 3634 1063 3682 in
1118 3648 1192 3698 qoam
1207 3637 1296 3685 verius.
1310 3642 1393 3697 Quum
1404 3635 1449 3684 dea
1459 3636 1535 3699 τούτῳ
1548 3637 1641 3698 κεχόλω

529 3716 615 3766 codiee
627 3730 693 3766 nunc
705 3730 754 3765 non
767 3716 847 3779 potuit
857 3716 910 3777 tegi.
922 3722 1002 3777 Quam
1012 3727 1065 3764 eor·
1120 3732 1161 3778 μαι
1173 3716 1233 3765 dicit
1250 3717 1342 3779 ᾦκαλὴ
1355 3715 1438 3779 φαίνῃ,
1451 3714 1548 3764 ridetur
1566 3719 1591 3763 et
1605 3729 1644 3763 ser

530 3796 663 3845 rectionem
684 3795 836 3846 iieimloriios
858 3796 945 3844 merito
974 3794 1065 3856 impro·
1120 3809 1175 3845 ram
1186 3795 1428 3859 peliieemetberum
1445 3794 1518 3844 simui
1536 3795 1650 3857 reperit

530 3872 605 3934 bans,
623 3875 749 3936 proposuit
765 3875 816 3938 ipse
830 3875 918 3935 σιλίδι,
935 3887 981 3923 nec
998 3874 1064 3924 iilam
1115 3877 1232 3938 jacentes.

482 4008 484 4013 ⁴
530 3951 627 4003 bonam.
638 3954 720 4003 itaiim
732 3955 769 4003 tri
781 3954 846 4016 πάσῃ
862 3954 985 4018 προφάσει.
1002 3960 1063 4004 cum
1152 3965 1188 4005 to.
1208 3961 1237 4017 Α,
1249 3955 1312 4015 ἦλθε.
1321 3952 1469 4017 spondeum
1484 3952 1539 4003 ieci.

531 4031 617 4092 σελίδι,
636 4034 776 4096 praepositio
795 4034 833 4091 iv,
849 4046 897 4081 non
920 4034 968 4093 iri,
991 4034 1064 4082 inerit
1151 4040 1188 4085 13.
1206 4040 1235 4095 Δ,
1245 4037 1358 4098 αἰσχροῖς.
1373 4032 1561 4083 Antibacchium
1570 4032 1623 4080 ieci.
