3300 5272
869 424 1021 483 Bsoml
1044 423 1217 485 Ficum
1245 421 1357 482 xxiv.

603 587 688 653 Hinc
705 610 765 652 nos
779 586 814 651 id
830 587 1008 677 intelligere
1031 604 1285 652 consentaneum
1301 601 1367 666 est,
1392 582 1587 649 inconsultas
1601 606 1645 646 no

558 768 627 809 esse
643 743 703 809 diis
718 745 864 811 ferendas
881 769 1005 836 preces,
1018 770 1096 835 quos
1114 769 1253 836 praesens
1264 744 1413 810 effuderit
1426 743 1529 810 dolor.

944 1605 1068 1666 sous
1093 1605 1275 1665 NUP'rlm

596 2004 627 2068 N
631 2005 726 2092 uptiae
743 2003 826 2067 Solis
835 2003 955 2067 fiebant
969 2003 1086 2067 aessatis
1101 2019 1257 2092 tempore.
1278 2005 1377 2067 Loetas
1393 2020 1501 2068 autem
1517 2003 1645 2067 animali

550 2145 714 2234 agitabant
731 2145 841 2233 epulas
853 2145 925 2210 deo.

594 2289 641 2350 Ac
664 2308 750 2350 mnae
768 2285 887 2350 choros
905 2284 1068 2350 ducebant
1084 2285 1261 2373 palustres,
1295 2308 1374 2373 quos
1389 2307 1597 2375 compescens
1613 2310 1649 2349 ru

549 2427 622 2491 beta
639 2458 652 2482 «ι
667 2427 744 2491 Non
763 2450 936 2515 paeanum»
953 2429 1013 2509 ait,
1035 2457 1048 2483 α
1061 2428 1130 2492 haec
1147 2429 1242 2493 nobis
1259 2443 1308 2492 est
1325 2429 1473 2510 occasio,
1497 2444 1531 2492 ot
1545 2429 1648 2492 sollici

548 2599 560 2623 ι
575 2568 724 2634 tudinum
737 2586 770 2634 et
781 2571 947 2635 moestitiae.
959 2570 1025 2652 Qui
1038 2570 1126 2634 solus
1140 2571 1225 2633 enim
1238 2570 1363 2634 laticem
1373 2570 1511 2635 exsiccat
1521 2594 1648 2635 omnem

548 2745 560 2769 a
579 2713 657 2803 quid
678 2739 743 2779 non
764 2718 927 2804 patiemur
941 2716 1039 2798 mali,
1057 2716 1106 2797 si,
1124 2738 1222 2779 uxore
1245 2713 1356 2794 ducta,
1380 2714 1517 2778 similem
1531 2716 1593 2779 sibi
1608 2738 1648 2801 ge

547 2888 560 2912 s
577 2858 684 2921 cuerit
701 2858 802 2922 filium
818 2858 857 2921 n?

590 2996 742 3062 Gaudent
760 2998 929 3063 hominum
947 2997 1039 3063 valde
1059 2998 1174 3062 levium
1198 2999 1344 3088 plurimi,
1363 3000 1407 3063 ob
1430 3022 1480 3064 res
1503 3022 1574 3088 quae
1594 3022 1636 3062 no

545 3136 682 3200 multum
696 3136 760 3201 illis
772 3138 931 3202 creabunt
943 3135 1062 3225 gaudii.

542 3550 564 3598 δ’
584 3550 636 3601 εἶπε
657 3551 762 3606 κλαύσας
785 3555 881 3615 mimz*
902 3553 955 3616 οὐχὶ
976 3558 1073 3611 παιᾶνος
1127 3555 1201 3605 venit.
1216 3555 1307 3610 Prool:
1324 3553 1405 3605 forsan
1417 3557 1457 3605 cst
1470 3554 1597 3617 legendum
1608 3556 1646 3609 οῦς

542 3630 686 3679 Τοῦτ’ἰστὶν
703 3633 780 3692 ἡμῖν,
804 3630 921 3695 φροντίδος
936 3633 962 3681 δὲ
979 3634 1020 3681 καὶ
1035 3633 1074 3682 lo·
1158 3642 1182 3695 ⁶,
1199 3639 1224 3696 7,
1241 3640 1265 3684 8.
1277 3638 1339 3686 sunl
1356 3634 1420 3698 apud
1438 3634 1536 3687 suidam
1552 3640 1582 3683 V.
1601 3636 1646 3692 αὺή

541 3727 610 3767 πηςυ.
620 3708 988 3760 Nonaddldltsuctorisnomen.
998 3711 1075 3761 Multo
1126 3732 1177 3777 νας,
1187 3715 1283 3780 ξηράνας
1333 3715 1360 3764 ἐκ
1377 3720 1420 3764 τοῦ
1436 3715 1526 3764 malso
1545 3716 1646 3781 ῥήματος

542 3795 643 3856 prestat
655 3805 719 3842 nova
730 3805 804 3856 quam
815 3792 919 3843 exhibeo
935 3793 1072 3844 lectionem.
1126 3795 1206 3859 Εῐγὰρ
1277 3793 1334 3842 ὅταν
1342 3795 1418 3856 γήμας
1422 3831 1468 3843 .....
1477 3798 1631 3844 Necsuctore
1647 3816 1650 3838 l

542 3873 937 3939 ευίᾱωεφρῦνος,ὀάδιάπλαοτος
947 3875 1071 3939 βάτραχος.
1126 3872 1270 3921 nominavit.
1292 3871 1387 3923 Idem:
1413 3873 1509 3923 λιδάδα·
1537 3873 1641 3937 σταγόνα

543 3960 603 4015 0⁸1ae
612 3954 779 4018 interpretatio
787 3954 826 4005 hic
840 3958 865 4005 et
878 3961 905 4005 F.
921 3960 950 4006 28
959 3969 1007 4006 oon
1017 3968 1073 4005 coo·
1126 3952 1221 4016 κρήνην,
1232 3950 1324 4015 ἔνυδρον
1333 3951 1413 4000 τόπον.
