3300 5272
510 523 791 574 canusscmrrusrs
816 525 977 574 srsrosrl.
1081 571 1083 575 ,
1184 504 1242 574 101

246 663 428 724 autemeas
446 650 614 742 irrideret,
627 675 705 724 cnm
725 651 814 748 apud
830 675 892 724 uos
908 653 945 723 in
962 653 1104 741 honore,
1127 665 1164 723 nt
1179 653 1247 749 cy-

245 775 354 870 priani
386 785 500 867 aetate,
534 777 603 849 sint
630 775 840 850 auriculares
873 775 1003 849 bulla?
1022 777 1116 864 Quos
1145 775 1251 874 igitur

244 899 404 996 antiquos
423 898 691 996 mulieribusque
705 901 741 972 in
760 910 965 998 perpetuum
984 922 1085 989 caros
1096 923 1179 972 usus
1192 899 1248 974 ille

243 1022 472 1119 vituperabat,
486 1045 613 1119 easque
626 1021 670 1094 ad
685 1024 1116 1121 simpliciorarectioraque
1130 1024 1248 1097 borta-

241 1145 356 1219 batur.
377 1149 422 1219 Ut
436 1146 523 1219 bene
543 1145 668 1247 divitiis
683 1159 872 1239 uterentur,
895 1148 1055 1244 copiosas
1083 1170 1125 1218 ac
1150 1147 1248 1244 plene

242 1267 429 1366 locupletes
447 1268 646 1366 impellebat
657 1271 819 1366 virgines.
835 1299 853 1334 κ
864 1269 1086 1366 locupletem
1100 1282 1134 1344 tc
1148 1269 1246 1361 diois,
1368 1359 1372 1367 ⁸

243 1390 541 1466 uehementissime
561 1391 743 1483 exclamat,
764 1391 906 1467 divitem
933 1405 967 1465 te
989 1392 1076 1467 dicis
1102 1406 1136 1466 et
1150 1405 1248 1467 uten-

240 1515 323 1588 dum
338 1530 441 1613 putas
460 1517 502 1589 iis
523 1539 602 1612 quac
619 1514 794 1614 possidere
812 1525 845 1589 te
864 1519 958 1589 Deus
977 1516 1095 1621 soluit.
1114 1549 1131 1584 1
1147 1514 1245 1607 Quod

239 1636 282 1709 ad
302 1661 451 1736 perennc
484 1663 604 1713 eorum
628 1650 871 1740 argumentum
890 1641 950 1738 qui
979 1639 1071 1713 bona
1092 1663 1155 1715 sua
1174 1639 1244 1714 dis-

238 1760 399 1856 perdunt,
412 1762 611 1858 aegritudine
621 1763 770 1837 affectus
780 1764 1119 1860 respoudetertcre
1127 1765 1244 1862 igitur,

240 1897 337 1959 utere
357 1885 420 1959 sed
435 1885 479 1959 ad
498 1887 649 1962 utiliora.
676 1888 829 1962 Divitem
851 1899 885 1961 te
898 1888 1046 1961 sentiant
1058 1911 1241 1986 pauperes,
1304 1903 1307 1909 “

238 2008 442 2107 locupletem
477 2023 510 2084 te
532 2012 681 2085 sentiant
707 2011 909 2110 indigentes,
943 2013 1150 2110 patrimonio
1180 2024 1241 2087 tuo

237 2139 311 2209 Deo
330 2133 460 2226 lebera,
490 2135 664 2208 Christum
690 2135 789 2225 ciba3
812 2159 894 2208 uam
914 2134 1085 2232 delinquis
1111 2148 1147 2208 et
1171 2136 1240 2209 hoc

236 2261 311 2356 ipso
326 2260 362 2331 in
385 2260 513 2348 Deum,
542 2260 572 2331 si
598 2257 643 2330 ad
660 2257 729 2333 boc
745 2258 809 2332 tibi
835 2257 880 2332 ab
906 2257 964 2332 illo
986 2258 1122 2331 divitias
1143 2258 1242 2332 datas

235 2379 359 2474 credis,
379 2392 418 2454 ut
440 2379 506 2454 illis
528 2405 598 2454 non
615 2381 1038 2478 salubritcrperfruaris-1.
1066 2411 1084 2448 s

283 2505 417 2594 Quibus
432 2506 486 2578 nir
502 2503 642 2578 humilis
657 2505 754 2578 Decii
767 2506 803 2578 in
817 2528 898 2577 suos
911 2505 1156 2602 persecutionis
1168 2507 1239 2579 uim
1357 2499 1364 2514 '

233 2629 432 2729 assignavit.
445 2630 598 2702 Primum
617 2651 768 2720 carcere,
787 2628 945 2718 uinculis,
964 2628 1116 2717 exsilio²,
1130 2629 1238 2702 bono·

162 2817 166 2825 .
229 2778 309 2828 rum
323 2734 512 2851 direptione
522 2752 787 2827 lueruntallecti
797 2752 1030 2845 confessores3
1048 2752 1170 2826 deinde
1182 2777 1238 2827 res

231 2876 267 2950 11
279 2882 378 2975 pejus
393 2888 551 2951 ruerunt.
568 2878 704 2951 Etenim
720 2877 923 2973 cuicumque
935 2876 1128 2950 Christiano
1141 2900 1237 2950 mors

228 2999 461 3098 impendebat,
482 3002 732 3099 episcopusque
755 3000 867 3098 plebis
892 2999 1001 3074 furori
1016 3002 1235 3098 potissimum

153 3120 160 3151 '
228 3125 495 3222 proponebatur.
512 3128 589 3221 lpse
603 3122 645 3197 de
665 3147 703 3197 se
718 3136 836 3197 namet
854 3146 891 3197 se
909 3124 1099 3219 saepissime
1112 3122 1155 3196 ad
1167 3123 1237 3197 leo-

228 3271 308 3321 nem
331 3250 367 3322 in
395 3250 616 3345 ciroo'atque
638 3247 890 3344 amphitheatro
914 3248 1059 3343 petitum
1077 3260 1112 3318 et
1133 3270 1234 3343 pros-

227 3373 376 3469 criptum
386 3371 492 3444 fuisse
503 3367 533 3441 ³.
549 3370 691 3445 Publice
704 3371 795 3443 enim
806 3368 1006 3467 legebatur:
1019 3371 1057 3441 Si
1067 3372 1142 3463 quis
1152 3381 1234 3442 tenet

225 3497 279 3568 ool
295 3495 438 3590 possidet
454 3494 495 3566 dc
516 3495 606 3566 bonis
630 3496 759 3566 Caecilii
778 3495 942 3588 Cypriani
961 3496 1103 3587 episcopi
1121 3494 1235 3565 Ciris·

258 3751 282 3796 1.
300 3747 339 3796 De
347 3728 450 3796 babitu
463 3745 544 3808 Viro,
557 3743 604 3798 xl.

256 3837 281 3882 2.
292 3828 435 3897 sexaginta
446 3829 566 3900 quinque
576 3826 738 3881 (lusistianos
752 3826 824 3881 siros
832 3824 1066 3895 Carthaginienses,
1078 3827 1231 3880 aroanna-

223 3910 261 3966 tio
278 3915 306 3966 in
320 3912 457 3967 civitatem
469 3927 584 3984 regresso
603 3910 746 3966 mulctatos
756 3909 866 3976 exsilio,
878 3911 969 3964 Roma
983 3913 1101 3978 acceptos
1117 3907 1231 3978 bospitio

221 3995 369 4051 scandida
387 4000 414 4050 ct
427 3997 555 4051 Numeria
576 3994 720 4062 sororibus,
740 3993 772 4048 ad
790 3993 953 4064 cyprianum
969 3991 1073 4062 scripsit
1085 3989 1227 4066 celerinus.

177 4133 181 4152 ι
221 4080 316 4148 (Bptst.
330 4082 388 4144 XX,
402 4081 561 4153 intercypr.
581 4081 687 4150 Opera.)

256 4169 280 4218 ³.
298 4169 381 4234 Bptrt.
394 4167 468 4220 XLV.
