3300 5272
776 400 923 460 utunu
956 399 1129 459 Fauuts
1161 396 1293 457 LXVH.
1536 403 1587 452 tw

514 563 610 627 Illum
624 563 753 628 finxisse
767 564 877 628 ferunt
892 563 1060 628 dominum
1082 563 1294 627 animantium
1312 583 1351 624 ex
1366 560 1467 623 humo
1487 559 1594 622 homi·

469 710 558 769 nem,
586 688 638 751 cui
664 688 741 751 duas
768 686 971 776 suspendisse
988 685 1101 749 dicunt
1119 687 1273 749 manticas
1290 683 1442 748 humanis
1461 683 1595 748 refertas

470 807 581 888 malis,
615 809 753 871 anticam
787 808 918 888 alienis,
950 807 1089 897 propriis
1118 808 1295 896 posticam,
1326 829 1462 894 eamque
1489 806 1592 868 multo

469 931 669 1019 ampliorem.

513 1057 638 1123 Idcirco
668 1058 747 1122 mihi
773 1059 921 1123 videntur
944 1059 1094 1124 homines
1118 1061 1150 1121 in
1177 1058 1316 1122 aliorum
1343 1057 1433 1121 malis
1462 1079 1592 1120 cernere

469 1199 617 1263 acutum,
636 1205 705 1271 quae
720 1199 825 1246 autem
838 1184 960 1246 habent
977 1181 1065 1246 domi
1082 1183 1218 1246 nescire.

951 1679 1090 1744 lixvil.

834 1991 1012 2049 onusta
1047 1992 1101 2050 tt
1132 1991 1225 2050 tto

515 2375 644 2463 Onager
668 2387 701 2437 ct
723 2372 775 2436 leo
792 2372 974 2435 venationis
1002 2388 1092 2435 erant
1117 2372 1215 2449 socii3
1242 2373 1362 2436 robore
1389 2375 1591 2460 praestantior

472 2497 540 2578 leo,
556 2496 665 2562 asinus
681 2495 852 2561 velocitate
869 2494 1001 2584 pedum.

515 2621 651 2709 Largam
668 2641 745 2684 vero
759 2617 844 2683 nacti
859 2610 1045 2683 animalium
1071 2617 1227 2706 praedam,
1248 2617 1363 2682 dividit
1380 2619 1447 2700 ico,
1465 2635 1591 2708 tresque

424 2762 428 2769 '
471 2758 575 2831 partes
591 2741 679 2807 facit.

516 2866 558 2929 Et
575 2897 587 2921 ι
605 2866 699 2931 Hanc
713 2895 726 2922 ι
740 2866 865 2954 inquit,
885 2865 980 2954 «ipse
997 2864 1108 2928 tollam
1122 2865 1226 2953 prior3
1247 2887 1306 2954 ego
1333 2865 1418 2928 euim
1440 2888 1497 2929 rex
1509 2889 1590 2931 sum.

471 3019 484 3043 ι
502 2988 629 3052 Toliam
654 3004 687 3054 et
703 2989 788 3053 hanc
813 2990 928 3071 etiam,
955 2990 1010 3076 qni
1035 2989 1094 3051 sim
1120 3011 1159 3051 ex
1183 3012 1275 3076 aequo
1292 2989 1408 3053 socius.
1428 2989 1491 3052 lsta
1514 3013 1591 3053 vero

472 3142 485 3167 ι
499 3113 607 3195 tertia,
623 3114 656 3176 ni
672 3113 784 3201 fugere
798 3113 895 3193 velis,
916 3113 992 3176 maii
1007 3111 1085 3199 quid
1102 3111 1193 3176 dabit
1206 3112 1265 3175 tibi
1280 3142 1302 3177 υ.

515 3237 649 3301 Metitur
663 3253 694 3301 te
710 3239 831 3327 ipsum;
845 3260 914 3303 rem
929 3237 1052 3302 nullam
1066 3260 1141 3301 cum
1157 3237 1290 3302 homine
1307 3238 1491 3326 potentiore
1505 3259 1593 3299 eom·

472 3360 655 3440 municato,
676 3360 797 3423 necilli
813 3357 870 3424 fias
885 3362 1004 3424 socius.

472 3813 556 3850 veram
591 3803 658 3850 tenet
687 3799 817 3848 lectionem
848 3799 1002 3862 καθέσταμεν.
1058 3797 1206 3862 perspiciens
1223 3811 1280 3847 cum
1298 3802 1402 3861 utroipne
1421 3799 1519 3847 nomine
1541 3810 1590 3848 rer·

491 3879 662 3928 -rabtxvtt
680 3875 716 3926 ci.
731 3882 787 3925 cor.
805 3880 832 3924 F.
846 3881 933 3938 timp.
952 3881 1004 3939 tit,
1057 3889 1110 3925 sum
1130 3890 1183 3925 esse
1211 3876 1303 3938 syllaba
1327 3876 1469 3936 longiorem.
1490 3874 1591 3925 videtur

475 3959 529 4018 tt&
544 3956 668 4006 tirocinius
683 3969 707 4017 p.
726 3957 782 4015 20³3
800 3953 916 4003 Piiaeirus
928 3961 951 4014 1,
966 3958 988 4003 5.
1057 3955 1180 4017 scripsisse
1194 3955 1300 4015 {gnatius
1312 3955 1384 4019 ᾱγρην
1396 3954 1443 4016 ὄνῳ
1460 3954 1534 4017 pipat
1548 3955 1590 4002 σὺν

504 4038 527 4083 3.
546 4039 635 4083 rcum
644 4033 717 4091 λιίην.
1058 4034 1137 4097 κερδοῖ
1144 4035 1212 4083 λέων.
1225 4035 1290 4083 Fecit
1300 4034 1407 4096 tgiutins
1418 4037 1468 4081 tres
1478 4046 1591 4096 pensonas

505 4115 529 4161 i.
546 4113 631 4173 ignatii
641 4110 733 4160 Potistia
747 4109 784 4158 sic
795 4109 880 4171 incipit
898 4123 904 4157 :
922 4108 1005 4173 Ἄγρην
1057 4115 1157 4175 propter
1167 4115 1218 4161 tres
1228 4117 1316 4174 partes.
1333 4111 1413 4161 sumsi
1425 4112 1468 4160 σὺν
1479 4124 1493 4159 e
1505 4111 1589 4160 codice

474 4189 563 4253 γεράνῳ
576 4192 651 4252 treptie
669 4190 710 4236 καὶ
727 4189 805 4252 κερδοῖ
821 4189 887 4236 λέων·
906 4188 1005 4251 Πρώτην
1058 4191 1084 4239 in
1096 4203 1144 4252 quo
1160 4190 1237 4251 reperi
1254 4190 1344 4252 γεςκὶνῳ
1361 4195 1442 4253 μοῖραν
1457 4191 1501 4239 σὺν
1517 4207 1540 4238 κ.
1557 4192 1590 4249 i,

474 4268 500 4316 δὲ
518 4270 609 4332 μοῖραν,
625 4267 740 4326 tinentia
750 4267 832 4326 vapsi:
844 4267 901 4328 ἔχω.
914 4271 1006 4328 Prope·
1058 4271 1083 4317 ct
1099 4268 1135 4315 sic
1152 4267 1271 4329 seriptum
1289 4267 1377 4316 meiius
1394 4267 1527 4316 secundum
1538 4281 1590 4317 rer·

474 4347 537 4410 ράνῳ
558 4347 672 4409 proponit
689 4345 782 4409 ὁνάγρῳ
808 4351 931 4409 cerasus,
956 4359 1004 4394 non
1058 4335 1460 4410 ειιιιιιῐῐρώτηνμὶν,ἐίπεν,μοῖραν
1468 4346 1589 4408 tanim.
