3300 5272
461 384 611 443 nauali
642 384 812 445 FABULX
842 382 997 443 LXXXV.

637 867 811 935 LXXXV.

540 1169 677 1230 CANES
707 1169 762 1228 ET
792 1168 904 1228 LUPl.

210 1607 350 1672 Canibus
368 1604 530 1695 quondam
546 1605 725 1668 simultates
743 1627 818 1668 cum
832 1603 918 1692 lupis
932 1604 1190 1671 intercesserunt.
1207 1605 1282 1671 Ele·

164 1774 232 1822 ctus
257 1775 363 1822 autem
385 1757 448 1821 fuit
472 1756 561 1820 canis
579 1755 717 1820 Achaeus
740 1755 796 1842 qui
817 1755 939 1819 caninae
965 1756 1050 1844 genti
1074 1755 1281 1844 imperitaret.

164 1912 269 1995 Atque
288 1908 341 1972 ille
356 1930 471 1997 pugnae
485 1907 590 1971 sciens
608 1905 830 1990 cunctabatur,
845 1907 1028 1972 tricabatur.

207 2063 313 2126 Ceteri
325 2078 434 2126 autem
448 2063 544 2127 ruinis
561 2062 774 2152 increpabant
786 2062 819 2125 ni
836 2063 949 2127 castris
965 2062 1096 2127 tandem
1107 2064 1282 2153 progrede-

161 2227 257 2276 retur.
275 2243 286 2266 ιι
301 2209 452 2276 Sedendo
469 2209 592 2277 bellum
610 2225 1000 2299 quapropterprorogem‚
1018 2210 1128 2276 audite
1141 2244 1153 2268 ιι
1165 2213 1281 2301 inquit,

161 2359 328 2449 nquidque
363 2382 569 2448 praecaveam.
608 2360 746 2448 Oportet
780 2381 859 2422 vero
897 2380 1024 2446 semper
1054 2359 1279 2448 praemeditari.

160 2540 172 2565 ιι
188 2510 337 2573 Hostium
359 2531 439 2597 gens
460 2523 653 2573 cunctorum
669 2530 749 2596 quos
764 2505 859 2570 video
875 2530 940 2570 una
955 2522 1018 2589 est;
1035 2530 1053 2571 e
1070 2508 1189 2571 nostris
1204 2529 1281 2571 vero

161 2659 222 2721 ·hi
242 2682 281 2723 ex
305 2660 415 2740 Creta,
450 2681 489 2722 ex
521 2657 677 2723 Molossis
711 2657 780 2740 illi;
808 2674 886 2722 sunt
913 2675 946 2723 et
975 2661 1160 2723 Acarnanes
1186 2658 1278 2741 hice,

159 2839 170 2862 ιι
188 2808 241 2870 ulii
264 2807 424 2896 Dolopes;
447 2807 500 2873 alii
523 2807 665 2896 Cyprum
680 2810 804 2893 jactant
825 2831 917 2873 suam
941 2808 992 2873 vel
1014 2808 1202 2890 Tlrraciam3
1227 2809 1282 2875 alii

159 2957 303 3021 «adsunt
325 2956 465 3021 aliunde.
491 2955 580 3039 Quid
600 2953 774 3021 edisseram
798 2955 990 3021 verbosius?
1006 2957 1048 3019 Et
1073 2955 1165 3019 color
1183 2957 1279 3021 nobis

158 3134 169 3159 ιι
186 3126 253 3167 non
270 3120 319 3167 est
331 3122 415 3167 unus
426 3101 560 3191 perinde
575 3118 669 3191 atque
686 3104 762 3167 istis.
777 3103 932 3167 Nostrum
948 3103 1031 3192 nigri
1045 3119 1120 3167 sunt
1133 3103 1277 3192 quidam,

158 3283 170 3306 ι
187 3250 318 3338 quidam
336 3253 514 3337 cineracei;
530 3250 680 3317 nonnulli
693 3250 753 3316 rufi
769 3275 806 3315 ac
823 3269 935 3340 peetus
951 3252 1129 3334 bicolores3
1148 3252 1278 3318 candidi

157 3400 248 3465 «alii.
270 3402 344 3484 Quo
368 3403 490 3491 possim
506 3403 604 3491 igitur
619 3402 719 3467 modo
743 3399 784 3468 ad
801 3403 887 3468 bella
905 3402 1025 3467 ducere
1049 3426 1116 3467 non
1141 3425 1276 3467 concor·

154 3862 243 3921 λευκοὶ,
255 3867 287 3920 πῆ
300 3863 325 3912 δὲ
335 3863 442 3925 uanae·
452 3881 463 3905 a
473 3864 560 3914 utt’ot
570 3866 612 3926 μὲν
621 3866 688 3928 ὑμῶν
742 3865 839 3914 videtur
856 3878 910 3915 esse
934 3865 1187 3926 interpretamentum.
1214 3866 1275 3911 Nam

155 3942 296 4001 μέλανες,οῑ
308 3943 479 4007 δὲτεφρώδεις·
497 3943 589 4007 'Eupo
601 3945 688 4004 ξανθοὶ,
741 3944 855 4006 queraris
875 3946 965 4008 saepius
981 3944 1086 4008 λαμπρὸς
1104 3941 1169 3991 idam
1189 3941 1222 3991 ait
1240 3947 1275 4004 τῷ

154 4021 195 4068 καὶ
215 4020 334 4082 διάργεμοι
350 4021 425 4080 στήθη
437 4041 458 4070 ν.
477 4025 597 4071 Kusterus
615 4021 688 4070 inseri
740 4023 831 4084 λωκὸς,
844 4027 926 4085 potest
936 4026 961 4071 et
976 4021 1008 4071 de
1016 4023 1091 4084 ξανθῷ
1099 4026 1123 4070 el
1141 4019 1222 4083 πυῤῥῷ
1239 4018 1274 4068 lu·

155 4097 252 4147 volabat
264 4101 288 4147 δὲ
300 4102 357 4147 ante
374 4100 460 4162 ξανθοὶ,
477 4101 543 4163 quod
563 4100 601 4149 lex
619 4103 688 4150 vetat
740 4100 980 4162 tantummodum
998 4113 1092 4159 versus,
1110 4113 1124 4148 a
1142 4098 1233 4147 criticis
1242 4099 1273 4148 ad

153 4176 262 4226 metrica,
284 4177 438 4238 Gaielordua,
457 4191 472 4228 e
491 4178 572 4228 sabula
583 4179 687 4239 collata,
741 4181 831 4229 trancee
841 4180 945 4229 subulam
953 4193 983 4228 ex
991 4179 1169 4238 suidaretatoa,
1185 4179 1274 4229 videsis

152 4257 225 4321 ἱτεροι
237 4259 262 4306 δὲ
273 4256 357 4321 reptat
367 4257 451 4306 Babn'o
464 4257 605 4308 redonabal.
619 4258 687 4321 Equi·
739 4272 813 4322 supra
827 4272 872 4307 suo
887 4257 985 4321 proprio
1006 4258 1059 4306 loeo
1081 4258 1172 4307 Fulrula
1194 4263 1273 4319 ml,

152 4335 208 4384 deur
221 4350 317 4385 serrare
326 4333 399 4385 debui
407 4337 516 4401 λαμπροὶ,
523 4340 593 4399 cujus
601 4337 686 4401 πυῤῥοὶ
740 4349 788 4385 vas.
802 4341 827 4399 9,
839 4343 875 4386 10.
885 4336 922 4387 Cl.
933 4341 1028 4398 Burgus.
1039 4334 1104 4385 Diar.
1113 4336 1147 4386 Cl.
1160 4341 1199 4397 25,
1212 4339 1250 4385 ll.
