3300 5272
482 498 521 548 er
547 496 716 548 senserant
740 498 846 547 narro.
1109 476 1176 548 159

159 630 325 703 solvitur.
345 633 432 702 Cum
463 628 566 701 unius
594 626 705 701 undas
733 626 848 700 nullus
870 637 994 700 ventus
1019 637 1176 724 asperat,

158 755 245 827 alter
264 755 300 827 in
316 752 463 849 perflatu
484 751 604 825 firmus
620 762 685 824 eet.
702 754 853 848 Uterque
867 762 984 827 tamen
1002 773 1173 849 aquarum

1 982 9 996 θ
61 946 63 950 ,
160 873 1171 974 abundantiaqnoeirrigatcampoebeatiseimelecundat3

157 1015 303 1100 uterque
319 1004 453 1075 animos
465 1000 596 1074 salubri
607 1001 746 1097 potione
759 999 873 1073 reficit
885 1012 987 1097 atque
999 1012 1170 1075 recreatu·

156 1131 243 1201 Cum
269 1125 544 1223 carthaginiensi
568 1124 714 1222 martyri
740 1147 886 1222 magnas
913 1147 974 1201 eas
1008 1147 1174 1222 acresque

156 1251 324 1347 imagines
363 1251 470 1323 allert
492 1250 684 1349 naufragiis
700 1246 842 1321 infamis
869 1261 1028 1345 aspectus
1049 1251 1171 1341 maria,

155 1396 233 1447 cum
270 1373 510 1447 incredibilem
540 1373 715 1444 tristitiam
747 1370 961 1468 perditorum
992 1373 1172 1449 bominum

153 1621 371 1719 temporibus
386 1616 584 1693 Gallicanus
603 1619 753 1715 scriptor
767 1631 937 1709 vereatur,
955 1619 1011 1693 illo
1029 1629 1172 1716 prestat

155 1744 274 1819 sedata
293 1747 359 1818 ista
375 1746 542 1833 oratione,
562 1768 678 1818 rerum
698 1755 734 1817 et
746 1744 942 1816 animorum
959 1742 1110 1818 domina.

202 1871 253 1942 lta
266 1869 403 1967 ingenio
415 1879 591 1959 accurato,
609 1867 743 1941 ardenti
757 1869 792 1939 in
807 1867 1022 1964 disciplinam
1038 1867 1166 1960 studio,

150 1994 276 2067 virtute
308 1992 462 2066 adversis
490 1994 652 2084 excitata,
688 1991 1000 2066 beneficentissima
1028 2005 1165 2082 natura,

152 2142 232 2192 rum
256 2118 365 2191 sacris
395 2116 595 2192 auctoribus
622 2115 761 2190 assiduo
790 2117 1012 2208 commercio,
1041 2117 1168 2191 Africa

150 2239 227 2314 coeli
258 2253 308 2313 et.
324 2239 429 2314 maris
454 2240 757 2337 contemplatione,
793 2238 987 2314 incredibili
1019 2238 1166 2337 denique

149 2366 306 2463 martyrii
324 2363 525 2462 cupiditate,
548 2375 693 2455 rectam,
718 2385 912 2448 nervosam,
933 2364 1072 2452 fortem,
1094 2364 1163 2438 ela·

148 2502 233 2579 tam,
248 2489 371 2562 riridie
392 2500 594 2561 exornatam
614 2487 805 2576 coloribus,
825 2488 1031 2586 quandoque
1048 2500 1164 2564 tamen

148 2613 363 2710 tempestatis
377 2614 510 2710 impetn
531 2611 706 2686 turbatam
726 2611 900 2686 scribendi
915 2615 1083 2687 rationem
1101 2617 1165 2711 Cy·

146 2739 290 2836 prianus
315 2749 368 2810 eet
391 2748 608 2810 consecutae.
637 2735 750 2810 Libris
769 2735 908 2835 quidem
933 2736 1020 2809 nibil
1039 2736 1164 2813 candi-

145 2861 223 2935 dius
236 2863 295 2959 qui
312 2860 413 2940 nobis
433 2871 508 2934 tum
527 2858 678 2933 bominis
697 2873 812 2933 mores
830 2870 905 2933 tum
923 2882 1065 2934 suorum
1089 2861 1162 2932 ani-

144 3012 241 3074 mum
260 2986 467 3061 declarant:
489 2985 526 3056 in
547 2983 673 3081 quibus
691 2985 856 3058 nimirum
886 2997 923 3057 et
947 2987 1069 3082 optimi
1097 2986 1162 3058 viri

144 3111 363 3185 sanctitatem
383 3121 419 3182 et
431 3106 577 3206 apostoli
594 3107 748 3185 studium
764 3124 799 3183 et
814 3109 976 3205 martyris
994 3106 1098 3183 iidem
1111 3109 1162 3180 in·

98 3318 100 3321 ¹
143 3243 295 3323 tuemur,
321 3235 360 3306 in
381 3233 506 3331 quibus
526 3233 644 3332 populi
663 3234 822 3309 ardorem
847 3236 1036 3311 intuemur.
1061 3234 1160 3323 Quod

143 3359 173 3431 ei
196 3357 342 3432 tortasse
366 3379 444 3456 qnae
463 3355 614 3431 admittit
638 3357 820 3431 hominum
840 3368 964 3430 natura
988 3358 1159 3459 reperiam

142 3503 196 3572 aa,
214 3481 245 3553 si
263 3481 300 3555 in
315 3481 487 3579 Cypriane
499 3478 658 3578 quasdam
673 3481 821 3568 acriora,
836 3480 915 3552 siin
933 3478 1034 3577 plebe
1049 3480 1160 3555 imbe-

140 3599 272 3677 cilliora
292 3616 327 3676 et
344 3601 525 3677 mobiliora
547 3600 707 3701 quaedam
729 3586 879 3692 rideam,
903 3603 962 3675 illa
981 3615 1017 3677 et
1034 3596 1157 3677 turbu·

141 3723 341 3803 lautissimis
371 3725 638 3822 tempestatibus
664 3738 700 3802 et
729 3726 862 3824 regioni
880 3724 1157 3826 flagrantissimae

171 3897 194 3947 t'.
321 3899 352 3948 tt
365 3895 477 3959 &ningo
488 3904 569 3960 μων
579 3895 689 3958 cyprino
698 3895 891 3958 mummulus,

323 3973 389 4035 cnjus
402 3981 425 4020 st
434 3989 473 4021 ora
482 3974 548 4021 simul
558 3972 642 4037 prolusi
653 3982 676 4021 st
687 3974 792 4036 sunguine
802 3973 873 4020 tontes

325 4052 686 4115 tmusscmlibsultiutls
697 4068 783 4103 uuas.

695 4135 719 4181 8.
732 4132 826 4192 Paulis„
842 4134 918 4183 Cam.
930 4135 1012 4183 ml.
