3300 5272
386 468 451 541 104
688 493 835 544 crrnrtur
861 494 1080 554 sceussrnour:

381 618 550 693 bernabat
568 632 600 692 et
615 619 856 695 moderabatur
878 623 1047 718 sapientia
1068 633 1170 719 atque
1191 620 1380 719 prudentia.

380 746 469 815 Ante
485 741 689 836 discessum,
704 719 911 841 quibusdam
931 744 1166 818 sacerdotibus
1184 769 1272 842 quos
1290 769 1384 820 eom·

381 865 602 965 presbyteros
617 868 654 939 in
672 868 794 941 litteris
809 892 887 940 eum
899 871 1072 942 nominare
1090 867 1251 958 diximus,
1268 879 1385 966 utpote

380 991 505 1063 minori
525 991 562 1063 in
578 988 656 1064 odio
676 993 834 1080 versatis,
853 992 1063 1088 perturbatae
1093 994 1246 1065 eeclesiae
1268 1015 1385 1063 curam

381 1115 614 1187 commiserat.
638 1118 683 1187 At
700 1138 802 1206 uero,
824 1139 1032 1212 quamquam
1051 1117 1268 1189 inimicorum
1293 1115 1384 1188 oculi

380 1239 498 1311 omnia
530 1237 809 1334 speculabantur,
839 1250 932 1329 cum,
963 1241 1147 1312 horrendas
1175 1244 1278 1313 etiam
1299 1243 1386 1314 inter

382 1362 561 1459 proeellas,
584 1361 724 1460 hujusce
738 1364 849 1436 aetatis
865 1363 930 1436 sub
947 1365 1125 1462 regimine,
1144 1387 1212 1437 non
1231 1363 1387 1460 explora·

383 1499 501 1558 rentur
521 1485 707 1583 peculiaria
735 1486 964 1558 recentiorum
990 1496 1228 1557 consummata
1247 1506 1326 1556 cum
1348 1483 1388 1556 il-

382 1609 416 1681 la
443 1609 586 1681 scientia
604 1632 627 1680 a
645 1632 715 1706 qua
728 1608 900 1682 declinare
918 1610 989 1682 fere
1008 1633 1109 1682 nemo
1133 1622 1260 1706 potest,
1282 1609 1387 1682 fortes

382 1731 524 1829 quidam
547 1756 588 1805 ae
612 1735 767 1829 generosi
782 1734 846 1806 viri
860 1757 940 1806 cum
958 1735 1120 1831 episcopo
1139 1735 1386 1806 commercium

383 1856 511 1930 babere
524 1870 693 1954 poterant.
713 1859 876 1956 Epistolis
894 1858 997 1956 igitur
1016 1858 1255 1955 frequentibus
1278 1858 1388 1953 equi·

382 1984 449 2055 bus
464 1981 621 2078 plurima
635 1980 680 2053 ad
698 2006 761 2055 nos
774 1995 1012 2079 pervenerunt,
1040 1981 1096 2054 ille
1122 2005 1237 2054 rerum
1261 1980 1388 2053 studio·

385 2130 444 2178 sus
469 2106 616 2202 publicis
637 2106 844 2180 inserviebat
858 2105 1063 2180 commodis.
1082 2107 1291 2202 Tempeststi
1308 2127 1389 2203 ergo
1451 2124 1456 2139 ’

386 2230 604 2317 subveniens,
636 2254 717 2304 cum
742 2252 910 2329 pauperes
930 2232 1018 2303 inter
1035 2229 1243 2301 Christianos
1268 2251 1389 2301 nume·

387 2357 457 2428 rosi
496 2355 621 2428 auxilio
656 2353 858 2452 indigerent,
892 2354 943 2426 eis
972 2354 1192 2450 potissimum
1230 2352 1387 2425 consulit.

392 2478 615 2551 «viduarum
643 2489 678 2551 et
708 2479 920 2551 intirmorum
948 2488 983 2550 et
1013 2478 1168 2550 omnium
1204 2498 1390 2574 pauperum
1460 2560 1465 2581 1

388 2625 507 2676 curam
531 2615 612 2698 pcto
635 2600 812 2698 diligenter
838 2600 1005 2676 babeatis.
1038 2603 1104 2675 Sed
1132 2614 1168 2674 et
1188 2600 1388 2699 peregrinis,

386 2729 416 2802 si
431 2729 489 2824 qui
503 2727 693 2825 indigentes
707 2726 846 2817 fuerint,
859 2741 1016 2824 sumptus
1027 2729 1216 2825 suggeratis
1231 2726 1273 2799 de
1285 2749 1393 2823 quan

386 2853 483 2925 titate
507 2873 585 2922 mea
608 2851 747 2947 propria
779 2873 883 2947 quam
908 2851 1000 2947 apud
1030 2851 1261 2948 Rogatianum
1297 2872 1391 2921 eom·

387 2974 625 3072 presbyterum
642 2984 799 3046 nostrum
813 2971 940 3046 dimisi.
954 2976 1037 3063 Qua
1050 2975 1222 3070 quantitas
1241 2996 1284 3045 ne
1304 2973 1392 3050 forte

384 3106 459 3198 jam
485 3097 644 3201 uniuersa
673 3106 810 3193 erogata
833 3095 890 3186 sit,
912 3097 989 3169 misi
1012 3094 1124 3169 eidem
1141 3119 1203 3192 per
1224 3097 1389 3172 Noricum

389 3221 563 3320 acolytum
582 3220 686 3294 aliam
711 3220 917 3317 portionem,
938 3234 978 3292 ut
994 3219 1121 3318 largius
1142 3231 1175 3292 et
1200 3219 1394 3317 promptius

389 3350 484 3422 circa
501 3346 696 3421 laborantes
710 3346 770 3418 fiat
793 3346 981 3444 operatio¹.
1005 3378 1017 3412 ι
1042 3349 1087 3418 tt
1107 3347 1196 3419 inter
1215 3346 1394 3443 egentissi-

390 3497 467 3546 mos
485 3473 545 3570 qui
557 3472 708 3570 episcopi
727 3469 880 3545 studium
897 3473 1112 3568 praecipuum
1127 3469 1341 3557 obtinebant,
1360 3471 1393 3542 in

391 3619 530 3672 carcere
547 3596 725 3671 constituti
743 3596 960 3669 confessores
977 3593 1180 3670 numerandi
1198 3605 1298 3686 sunt3
1320 3592 1396 3668 nul·

392 3720 465 3796 lum
484 3719 674 3818 periculum
693 3721 815 3794 salutis
838 3721 1032 3793 communis
1054 3742 1161 3792 eausa
1183 3728 1394 3805 recusantes,

391 3846 491 3920 multi
515 3845 648 3918 diaconi
669 3843 803 3917 illorum
827 3844 863 3915 in
886 3842 1079 3917 subsidium
1105 3843 1212 3916 ibant.
1242 3845 1394 3931 Quorum

426 4144 446 4188 t.
467 4141 549 4202 Bptst.
562 4135 673 4190 xxxvl.
685 4133 758 4189 (loni.
774 4138 858 4203 Epist.
874 4135 999 4189 xxxvu:
