3300 5272
802 461 951 521 uantur
976 461 1151 520 launna
1180 461 1301 535 xaxr.
1573 473 1608 519 ri

537 625 713 715 Elegerunt
743 627 840 715 igitur
866 650 982 716 genere
1006 643 1037 691 et
1062 627 1180 690 robore
1204 627 1433 716 prudentiaque
1463 630 1609 717 insignis-

494 749 611 831 simus,
633 765 666 813 ct
682 750 828 838 generosi
855 751 983 838 spiritns
1008 751 1196 829 bellatores,
1215 751 1268 836 qui
1286 751 1373 838 ipsos
1397 772 1456 838 per
1480 749 1609 814 ordines

494 870 741 961 disposuerunt,
757 889 789 938 et
804 874 836 936 in
856 876 979 962 agmina
995 890 1178 963 turmasque
1192 890 1395 963 separarunt,
1413 891 1445 938 et
1459 875 1609 938 cohortes

493 996 747 1086 phalangesque,
768 1014 806 1061 nt
821 1022 891 1063 mos
910 1015 958 1062 est
973 1000 1058 1063 iuter
1072 1000 1229 1064 homines.

540 1158 624 1244 Ergo
644 1172 815 1245 postquam
834 1158 923 1221 suere
946 1173 1061 1222 cuncta
1087 1157 1240 1247 disposita
1261 1158 1434 1245 cunctique
1459 1157 1609 1240 adunati,

495 1300 526 1346 et
540 1280 654 1362 duces,
672 1282 813 1345 minutas
831 1305 870 1345 ex
892 1282 1028 1345 coenosis
1045 1281 1166 1345 avulsas
1183 1281 1327 1344 maceriis
1345 1280 1502 1369 illigantes
1520 1281 1609 1343 fron·

496 1406 579 1469 tibus
596 1406 701 1494 paleas
718 1405 801 1468 male
817 1405 966 1486 inutiles,
981 1405 1224 1493 praeibantante
1237 1426 1366 1468 omnem
1384 1405 1612 1470 eminentiores

495 1527 756 1607 multitudinem,
782 1531 847 1613 jam
878 1529 1086 1592 mustelarum
1112 1527 1285 1616 quamdam
1312 1526 1443 1615 quidam
1471 1529 1610 1592 murium

495 1649 572 1713 forti
597 1649 734 1714 confisus
760 1668 890 1739 pectore
914 1653 1118 1741 provocabat.
1147 1659 1189 1716 At
1213 1675 1324 1716 rursus
1343 1651 1488 1740 trepidus
1506 1676 1612 1717 mures

496 1776 611 1838 invasit
626 1798 737 1864 pavor.

541 1935 647 1999 Ceteri
671 1931 802 2020 quidem
823 1933 857 1996 in
881 1955 956 1997 cava
975 1933 1053 1997 salvi
1072 1936 1281 2022 irrepserunt3
1298 1934 1394 1998 duces
1408 1958 1485 1999 vero
1502 1959 1611 2024 snper-

497 2057 567 2121 lluae
580 2057 642 2121 illae
656 2058 779 2145 stipulae
796 2057 882 2121 intus
895 2079 962 2120 non
977 2057 1126 2121 sinebant
1138 2074 1306 2146 penetrare
1320 2057 1504 2142 foraminis,
1517 2076 1611 2149 atque

497 2182 559 2246 soli
583 2183 638 2247 hic
658 2183 720 2247 loci
743 2183 827 2273 capti
849 2197 943 2264 sunt,
960 2182 1118 2246 haerentes
1135 2183 1168 2245 in
1187 2182 1300 2270 portis.
1324 2184 1372 2248 De
1389 2184 1429 2247 iis
1451 2201 1610 2272 reportata

496 2305 630 2369 victoria
647 2304 708 2369 fuit
721 2276 928 2391 erebumque
949 2319 1122 2392 tropeum,
1137 2325 1331 2391 unaquaque
1345 2302 1461 2368 ducem
1478 2308 1612 2371 mustela

460 2462 462 2467 ·
498 2452 622 2493 murem
643 2429 800 2493 trahente.

543 2586 616 2650 Hoc
633 2601 745 2650 monet
758 2584 863 2648 fabula
878 2607 885 2648 :
902 2615 915 2640 ·
931 2583 981 2649 Ad
1002 2586 1099 2649 vitam
1118 2601 1188 2649 tuto
1211 2584 1449 2674 transigendum
1468 2586 1614 2653 fortuna·

499 2743 511 2765 «
531 2734 602 2774 rum
618 2709 808 2774 claritudine
825 2708 938 2773 melius
954 2707 1108 2774 conducit
1119 2709 1283 2774 humilitas
1297 2743 1319 2774 υ.

498 3078 579 3142 ὥσπερ
593 3076 737 3139 &allodtum
753 3076 782 3126 El
798 3074 838 3125 itit
853 3075 911 3124 sunl
926 3073 1030 3137 <tophus
1114 3079 1152 3126 20.
1171 3081 1200 3137 Δ,
1211 3075 1279 3138 μόνον
1291 3078 1311 3127 θ’
1321 3076 1429 3128 maai
1439 3079 1520 3130 αὐνὸθι
1529 3087 1612 3145 μυχῶν

499 3156 772 3220 rcrauaioolareliquie.
1082 3154 1325 3219 nuntiassemus
1336 3163 1451 3221 corropta
1462 3165 1508 3220 ast,
1519 3166 1614 3211 seunia-

533 3243 569 3288 ta.
587 3237 689 3288 videtur
707 3236 831 3288 meliorem
850 3236 902 3286 tore
918 3233 1030 3285 ordinem
1083 3233 1118 3284 tia
1129 3238 1211 3284 nmen
1231 3233 1331 3298 utura.
1345 3236 1515 3300 ansupriana
1527 3252 1613 3289 νεουο-

498 3318 685 3378 sententiarum,
702 3316 817 3368 naeuos
830 3315 870 3366 bic
883 3317 929 3366 Καί
943 3331 977 3371 τις
990 3331 1030 3378 γα-
1083 3313 1247 3363 diminuta»
1258 3315 1436 3379 praelautum
1448 3316 1483 3367 aic
1498 3318 1614 3368 clauserit

498 3401 569 3459 tna...
584 3402 639 3462 post
660 3411 756 3449 versum
774 3397 899 3448 decimum
917 3395 1030 3460 quintum
1084 3405 1181 3443 venum
1207 3394 1381 3456 anapestioum
1406 3414 1413 3445 ι
1439 3395 1512 3453 Νάξος
1541 3398 1610 3446 ἑάλω.

498 3481 705 3543 transponeretur.
718 3483 746 3527 at
758 3476 875 3527 iulatluis
885 3477 1030 3538 transpsaui.
1084 3479 1154 3522 Num
1165 3473 1213 3522 erit
1229 3473 1334 3524 ίόλωσαν
1354 3486 1423 3537 peon
1441 3477 1540 3538 tentus,
1557 3478 1613 3528 erit·

533 3567 569 3611 ta.
593 3561 655 3610 siant
679 3556 746 3620 τείχη
772 3556 952 3619 propugnacula
974 3568 1031 3617 quae
1083 3565 1131 3615 que
1151 3557 1291 3615 anapestus
1315 3554 1428 3604 secundae
1445 3555 1526 3617 sedis,
1545 3557 1612 3619 quod

498 3639 545 3690 sibl
563 3640 702 3688 struxerant
725 3649 812 3687 mures.
836 3636 880 3685 vet
903 3633 1030 3697 legendum
1083 3631 1284 3695 liuentiaeaumstt
1296 3637 1367 3695 poeta
1377 3646 1554 3697 nonnusquam.
1566 3637 1612 3685 sed

498 3718 596 3782 τοίχων,
615 3719 641 3766 et
660 3718 732 3765 want
755 3719 832 3778 τοῖχοι
855 3713 920 3763 mori
940 3712 1031 3776 qulbus
1082 3713 1108 3760 et
1117 3711 1244 3772 sequentia
1255 3710 1400 3761 claudicant.
1415 3718 1468 3762 lton
1481 3719 1561 3776 potest
1573 3717 1613 3764 αὐ-

498 3797 549 3860 agri
565 3795 721 3856 clauduntur,
732 3792 933 3844 mastatio.
1083 3792 1132 3843 τόθι
1142 3791 1221 3841 locum
1238 3794 1329 3853 tenum,
1351 3792 1378 3840 ui
1395 3797 1443 3842 τῶν
1461 3792 1572 3853 addatur,
1587 3800 1613 3845 et

536 3883 571 3926 ta.
587 3875 697 3926 suidas:
716 3875 786 3938 φύζα·
804 3872 887 3934 δειλία,
904 3871 973 3935 φυγή.
996 3878 1031 3932 a,
1084 3883 1126 3933 pua
1148 3873 1251 3935 quartus
1274 3871 1487 3933 talamarum,
1508 3873 1550 3936 qul
1569 3887 1612 3936 per

499 3957 644 4018 κατιιλήφεν,
656 3954 766 4017 rodolto,
781 3957 808 4002 ut
825 3952 930 4013 ridetur,
944 3950 1031 4001 calami
1083 3962 1109 4000 se
1126 3949 1196 4000 valde
1211 3952 1336 4010 munus,
1346 3951 1446 4000 omuino
1456 3951 1496 4000 liic
1506 3952 1612 4015 rejicien-

499 4035 585 4097 ἀναν,
603 4048 648 4098 pro
665 4035 807 4096 ιαταλήφνι,
825 4030 892 4095 quod
911 4030 1029 4094 rescripsi.
1083 4028 1130 4078 dua
1146 4032 1184 4080 eat
1205 4035 1259 4092 post
1276 4029 1383 4080 ἑάλωσαν
1401 4029 1516 4081 secundae
1537 4033 1610 4083 redu.

501 4113 576 4165 valde
591 4114 683 4178 placuit
699 4113 785 4164 murto
803 4112 827 4163 id
844 4116 950 4176 tenipus.
970 4110 1031 4160 vida
1083 4111 1171 4158 sanan
1196 4114 1301 4158 manum
1321 4107 1501 4171 quodammodo
1519 4111 1613 4175 scripto

501 4193 558 4244 rab.
573 4198 609 4251 1³.
617 4205 641 4242 u.
653 4192 872 4242 avallensium
884 4191 909 4241 tu
919 4191 1030 4251 sectatu,
1083 4186 1375 4239 tdloaaaetadditoroa.
1386 4187 1609 4240 enuntiantem

500 4279 524 4320 el
539 4271 666 4334 legendnm
675 4270 818 4333 κατείληφεν.
1084 4268 1178 4318 αὐτόθεν
1189 4284 1256 4330 pax„
1272 4285 1284 4309 a
1298 4265 1546 4329 illico,conloetlma.

536 4354 572 4401 17.
588 4349 806 4415 ευὶἀωιτρώγλη,
823 4351 839 4408 ἡ
857 4349 914 4407 ὀπὴ.
933 4349 962 4398 tt
979 4360 1031 4396 aar·
1116 4352 1155 4398 23.
1173 4347 1250 4396 Ενῑτὸ
1262 4351 1303 4409 ζῇν
1314 4346 1451 4409 spondeus.
1462 4348 1528 4399 ldeur
1547 4364 1611 4399 nien-

500 4445 556 4481 sum
568 4429 691 4494 apposuit,
712 4433 810 4478 auctura
828 4441 878 4478 nou
896 4427 1029 4478 nominato.
1084 4428 1143 4477 dum
1156 4432 1180 4476 r.
1196 4429 1233 4486 u,
1244 4432 1266 4478 5,
1279 4424 1353 4476 uhtu
