3300 5272
483 536 765 598 crauurcmrsusrs
789 538 951 587 ursromr.
1158 511 1223 581 105

221 650 353 737 animos
370 663 660 755 inflammaturus,
674 663 718 737 ad
729 687 903 738 summam
921 685 1003 759 erga
1017 685 1153 735 carcere
1167 661 1223 734 de·

221 800 334 859 tentos
355 810 474 860 curam
492 811 551 861 eos
568 786 772 861 hortabatur
790 814 797 856 :
822 789 999 875 «Utinam,
1017 785 1146 876 aiebat,
1156 785 1223 858 loci

175 903 179 916 ’
222 923 255 983 et
268 910 395 1009 gradus
413 911 481 984 mei
500 910 650 985 conditio
669 912 882 1008 permitteret
895 922 934 983 ut
948 912 1022 1007 ipse
1036 931 1223 1005 uuncprae·

161 1040 165 1049 ’
222 1058 302 1108 sens
324 1057 398 1109 esse
416 1033 571 1133 possem!
590 1037 776 1131 Promptus
801 1047 834 1107 et
853 1033 962 1106 libens
988 1034 1132 1106 solemni
1155 1033 1221 1106 mi·

222 1160 362 1231 nisterio
387 1172 510 1232 cuncta
537 1159 630 1230 circa
651 1159 858 1231 fortissimos
883 1157 1154 1230 fratrosncstros
1170 1154 1224 1227 di·

222 1280 377 1356 lectionis
403 1282 569 1380 obsequia
596 1282 817 1379 complerem.
843 1281 909 1355 Sed
932 1280 1085 1355 officium
1107 1303 1223 1353 meum

222 1418 346 1499 vestra,
362 1429 492 1503 quaeso,
506 1405 682 1503 diligentia
698 1418 930 1502 repraesentet,
946 1421 980 1477 et
995 1405 1098 1478 iaciat
1111 1404 1225 1476 omnia

220 1553 298 1625 quae
324 1530 397 1601 fieri
428 1541 561 1626 oportet
583 1529 675 1600 circa
701 1552 866 1623 eosquos
890 1529 924 1599 in
949 1527 1075 1601 talibus
1093 1527 1223 1600 meritis

221 1635 299 1725 fidei
322 1673 362 1724 ac
380 1652 516 1724 virtutis
546 1674 617 1724 suae
643 1650 824 1724 illustravit
850 1650 964 1722 divina
998 1650 1219 1748 dignation-

224 1776 307 1871 lpsis
321 1799 400 1848 vero
415 1774 670 1848 confessoribus
687 1772 927 1871 congratulans
937 1773 1140 1870 illorumque
1151 1774 1224 1844 ani·

223 1922 298 1971 mos
320 1901 467 1996 erigens,
496 1896 648 1970 divinam
669 1899 795 1971 mentis
817 1921 889 1972 suae
914 1899 1148 1971 incitationem
1169 1897 1224 1971 his

221 2020 327 2095 nudat
339 2021 453 2095 serbis
473 2048 480 2092 :
503 2053 516 2086 r
532 2024 561 2095 0
576 2021 716 2095 beatum
731 2043 904 2093 carcerem
922 2044 1024 2117 quern
1043 2019 1226 2093 illustravit

221 2157 335 2219 vestra
359 2142 559 2241 praesential
588 2144 763 2218 obeatum
785 2167 958 2217 carcerem
985 2144 1043 2241 qui
1067 2143 1225 2216 homines

223 2270 327 2342 mittit
351 2264 394 2342 ad
410 2266 553 2342 coelum!
583 2294 604 2340 o
626 2268 784 2342 tenebras
807 2266 987 2340 lucidiores
1006 2267 1076 2340 sole
1097 2268 1172 2364 ipso
1192 2279 1241 2340 et·

222 2393 298 2466 luce
312 2392 377 2466 hac
394 2392 512 2467 mundi
527 2392 701 2485 clariores,
728 2391 788 2465 ubi
809 2389 912 2463 modo
936 2392 1122 2464 constituta
1147 2400 1227 2463 sunt

224 2517 286 2588 Dei
318 2516 445 2614 templa
471 2530 505 2589 et
531 2515 777 2589 sanctificanda
801 2515 923 2588 divinis
953 2514 1226 2588 confessionibus

223 2640 380 2714 membra
396 2638 552 2713 vestra²l
575 2672 588 2705 ι
608 2639 675 2713 Sed
693 2663 762 2714 non
782 2651 915 2712 tantum
934 2638 1226 2736 amagistratibus

223 2775 326 2860 atque
340 2788 360 2837 a
375 2764 476 2862 plebe
496 2765 706 2854 vexationes,
727 2766 843 2853 minae,
865 2786 1034 2855 carceres,
1056 2762 1228 2835 cruciatus

223 2909 367 2961 maerore
387 2889 597 2988 cyprianum
612 2887 839 2967 conficiebant
856 2899 1039 2977 extorrem,
1065 2884 1113 2957 illi
1136 2885 1226 2958 enirn

224 3012 465 3108 gravissimum
495 3011 643 3087 dolorem
671 3013 889 3086 incusserunt
919 3012 986 3107 ipsi
1008 3008 1147 3102 ›fideles3
1177 3011 1227 3082 rei

223 3122 417 3210 narratione
437 3135 679 3228 detinebimur,
700 3139 826 3235 qnippe
850 3158 931 3209 cum
955 3146 990 3207 et
1005 3133 1105 3232 hujus
1121 3131 1229 3206 eccle·

222 3259 283 3330 siae
301 3283 415 3333 mores
435 3270 468 3333 et
484 3260 593 3357 ipsius
609 3259 790 3334 hominum
810 3259 915 3332 animi
930 3257 1079 3354 aliquam
1093 3268 1228 3352 partem

224 3382 382 3478 explicet.

272 3505 363 3575 lnter
374 3500 590 3577 confessores
605 3503 665 3599 qui
686 3501 739 3576 vel
757 3512 866 3574 morte
886 3499 1041 3574 damnati
1058 3510 1158 3572 erant
1173 3498 1228 3572 vel

224 3624 392 3721 quosdam
414 3623 537 3698 saltem
560 3625 733 3699 cruciatus
754 3624 907 3723 perpessi
932 3623 1082 3716 fuerant,
1112 3622 1229 3720 plures

224 3749 330 3846 lapsis
351 3750 434 3821 viris
452 3751 487 3821 in
507 3772 630 3823 manus
645 3747 773 3822 dabant
793 3747 928 3822 libellos
949 3770 1094 3845 quorum
1116 3746 1230 3846 gratia
1295 3798 1298 3803 -

196 3888 198 3893 ⁴
223 3872 357 3946 facilius
374 3874 409 3945 in
426 3897 490 3947 sua
504 3873 623 3946 munia
638 3871 916 3947 restituebantur.
938 3874 1025 3946 Cum
1045 3891 1128 3943 vero
1145 3871 1229 3943 Car·

258 4092 281 4137 ι.
299 4088 384 4153 spur.
398 4084 524 4139 mvn.

257 4178 281 4222 a
299 4171 384 4235 aput.
398 4169 507 4223 nxxxr.
