<?xml version="1.0" encoding="UTF-8"?>
<!DOCTYPE html PUBLIC "-//W3C//DTD XHTML 1.0 Transitional//EN"
    "http://www.w3.org/TR/xhtml1/DTD/xhtml1-transitional.dtd">
<html xmlns="http://www.w3.org/1999/xhtml" xml:lang="en" lang="en">
 <head>
  <title>
</title>
<meta http-equiv="Content-Type" content="text/html;charset=utf-8" />
  <meta name='ocr-system' content='tesseract 3.04.00' />
  <meta name='ocr-capabilities' content='ocr_page ocr_carea ocr_par ocr_line ocrx_word'/>
</head>
<body>
  <div class='ocr_page' id='page_1' title='image "./desanctocyprian00blamgoog_0391.png"; bbox 0 0 3300 5272; ppageno 0'>
   <div class='ocr_carea' id='block_1_1' title="bbox 549 479 1238 551">
    <p class='ocr_par' dir='ltr' id='par_1_1' title="bbox 549 479 1238 551">
     <span class='ocr_line' id='line_1_1' title="bbox 549 479 1238 551; baseline 0.007 -5"><span class='ocrx_word' id='word_1_1' title='bbox 549 497 676 548; x_wconf 79' lang='lat' dir='ltr'><strong>rrruuus</strong></span> <span class='ocrx_word' id='word_1_2' title='bbox 701 497 740 546; x_wconf 85' lang='lat' dir='ltr'><strong>nr</strong></span> <span class='ocrx_word' id='word_1_3' title='bbox 765 497 915 547; x_wconf 79' lang='lat' dir='ltr'><strong>sonions.</strong></span> <span class='ocrx_word' id='word_1_4' title='bbox 955 483 958 486; x_wconf 78' lang='grc'>’</span> <span class='ocrx_word' id='word_1_5' title='bbox 1194 479 1238 551; x_wconf 77' lang='lat' dir='ltr'><strong>li</strong></span> 
     </span>
    </p>
   </div>
   <div class='ocr_carea' id='block_1_2' title="bbox 185 621 1344 3326">
    <p class='ocr_par' dir='ltr' id='par_1_2' title="bbox 185 621 1293 1569">
     <span class='ocr_line' id='line_1_2' title="bbox 234 621 1241 720; baseline 0.002 -22"><span class='ocrx_word' id='word_1_6' title='bbox 234 623 312 702; x_wconf 85' lang='lat' dir='ltr'><strong>litor</strong></span> <span class='ocrx_word' id='word_1_7' title='bbox 329 625 548 718; x_wconf 64' lang='lat' dir='ltr'><strong>sinerentur</strong></span> <span class='ocrx_word' id='word_1_8' title='bbox 564 624 760 720; x_wconf 77' lang='lat' dir='ltr'><strong>ludaeorum</strong></span> <span class='ocrx_word' id='word_1_9' title='bbox 772 627 841 699; x_wconf 86' lang='lat' dir='ltr'><strong>ritu</strong></span> <span class='ocrx_word' id='word_1_10' title='bbox 851 637 885 698; x_wconf 89' lang='lat' dir='ltr'><strong>et</strong></span> <span class='ocrx_word' id='word_1_11' title='bbox 899 647 920 696; x_wconf 93' lang='lat' dir='ltr'><strong>a</strong></span> <span class='ocrx_word' id='word_1_12' title='bbox 933 621 1113 699; x_wconf 84' lang='lat' dir='ltr'><strong>suffocatis</strong></span> <span class='ocrx_word' id='word_1_13' title='bbox 1126 628 1241 700; x_wconf 88' lang='lat' dir='ltr'><strong>earni-</strong></span> 
     </span>
     <span class='ocr_line' id='line_1_3' title="bbox 234 747 1240 857; baseline -0.001 -34"><span class='ocrx_word' id='word_1_14' title='bbox 234 747 1118 857; x_wconf 82' lang='lat' dir='ltr'><strong>busetabanimaliumsanguineabhorrerent.Nos,</strong></span> <span class='ocrx_word' id='word_1_15' title='bbox 1130 749 1240 850; x_wconf 85' lang='lat' dir='ltr'><strong>inquit</strong></span> 
     </span>
     <span class='ocr_line' id='line_1_4' title="bbox 185 871 1293 973; baseline 0.001 -26"><span class='ocrx_word' id='word_1_16' title='bbox 185 963 188 967; x_wconf 33' lang='grc'><strong>,</strong></span> <span class='ocrx_word' id='word_1_17' title='bbox 232 874 479 963; x_wconf 71' lang='lat' dir='ltr'><strong>Tertullianus,</strong></span> <span class='ocrx_word' id='word_1_18' title='bbox 502 903 520 970; x_wconf 66' lang='lat' dir='ltr'><strong>r</strong></span> <span class='ocrx_word' id='word_1_19' title='bbox 539 896 584 947; x_wconf 91' lang='lat' dir='ltr'><strong>ns</strong></span> <span class='ocrx_word' id='word_1_20' title='bbox 603 872 807 949; x_wconf 88' lang='lat' dir='ltr'><strong>animalium</strong></span> <span class='ocrx_word' id='word_1_21' title='bbox 822 871 961 973; x_wconf 83' lang='lat' dir='ltr'><strong>quidem</strong></span> <span class='ocrx_word' id='word_1_22' title='bbox 983 874 1185 972; x_wconf 86' lang='lat' dir='ltr'><strong>sanguinem</strong></span> <span class='ocrx_word' id='word_1_23' title='bbox 1201 874 1238 948; x_wconf 93' lang='lat' dir='ltr'><strong>in</strong></span> <span class='ocrx_word' id='word_1_24' title='bbox 1284 906 1293 933; x_wconf 65' lang='grc' dir='ltr'>ι</span> 
     </span>
     <span class='ocr_line' id='line_1_5' title="bbox 232 993 1241 1097; baseline -0.005 -22"><span class='ocrx_word' id='word_1_25' title='bbox 232 997 343 1097; x_wconf 91' lang='lat' dir='ltr'><strong>epulis</strong></span> <span class='ocrx_word' id='word_1_26' title='bbox 356 997 537 1073; x_wconf 70' lang='lat' dir='ltr'><strong>esculentis</strong></span> <span class='ocrx_word' id='word_1_27' title='bbox 550 995 734 1088; x_wconf 85' lang='lat' dir='ltr'><strong>habemus,</strong></span> <span class='ocrx_word' id='word_1_28' title='bbox 748 997 808 1095; x_wconf 92' lang='lat' dir='ltr'><strong>qui</strong></span> <span class='ocrx_word' id='word_1_29' title='bbox 820 1007 1002 1096; x_wconf 83' lang='lat' dir='ltr'><strong>propterea</strong></span> <span class='ocrx_word' id='word_1_30' title='bbox 1013 993 1193 1071; x_wconf 83' lang='lat' dir='ltr'><strong>suffocatis</strong></span> <span class='ocrx_word' id='word_1_31' title='bbox 1204 1010 1241 1072; x_wconf 88' lang='lat' dir='ltr'><strong>et</strong></span> 
     </span>
     <span class='ocr_line' id='line_1_6' title="bbox 232 1119 1239 1219; baseline -0.003 -22"><span class='ocrx_word' id='word_1_32' title='bbox 232 1122 423 1197; x_wconf 77' lang='lat' dir='ltr'><strong>morticinis</strong></span> <span class='ocrx_word' id='word_1_33' title='bbox 440 1119 655 1219; x_wconf 78' lang='lat' dir='ltr'><strong>abstinemus</strong></span> <span class='ocrx_word' id='word_1_34' title='bbox 666 1136 688 1193; x_wconf 91' lang='lat'><strong>¹.</strong></span> <span class='ocrx_word' id='word_1_35' title='bbox 709 1154 722 1186; x_wconf 71' lang='grc' dir='ltr'>ι</span> <span class='ocrx_word' id='word_1_36' title='bbox 742 1122 860 1219; x_wconf 85' lang='lat' dir='ltr'><strong>ltaque</strong></span> <span class='ocrx_word' id='word_1_37' title='bbox 874 1121 905 1209; x_wconf 84' lang='lat' dir='ltr'><strong>si</strong></span> <span class='ocrx_word' id='word_1_38' title='bbox 921 1121 999 1219; x_wconf 89' lang='lat' dir='ltr'><strong>quis</strong></span> <span class='ocrx_word' id='word_1_39' title='bbox 1013 1144 1072 1211; x_wconf 84' lang='lat' dir='ltr'><strong>eos</strong></span> <span class='ocrx_word' id='word_1_40' title='bbox 1090 1131 1239 1194; x_wconf 84' lang='lat' dir='ltr'><strong>tentaret</strong></span> 
     </span>
     <span class='ocr_line' id='line_1_7' title="bbox 230 1242 1237 1342; baseline -0.003 -23"><span class='ocrx_word' id='word_1_41' title='bbox 230 1245 354 1338; x_wconf 89' lang='lat' dir='ltr'><strong>hostis,</strong></span> <span class='ocrx_word' id='word_1_42' title='bbox 376 1244 444 1318; x_wconf 94' lang='lat' dir='ltr'><strong>illis</strong></span> <span class='ocrx_word' id='word_1_43' title='bbox 464 1246 585 1319; x_wconf 79' lang='lat' dir='ltr'><strong>botulos</strong></span> <span class='ocrx_word' id='word_1_44' title='bbox 604 1267 724 1318; x_wconf 84' lang='lat' dir='ltr'><strong>cruore</strong></span> <span class='ocrx_word' id='word_1_45' title='bbox 750 1242 915 1318; x_wconf 87' lang='lat' dir='ltr'><strong>distentos</strong></span> <span class='ocrx_word' id='word_1_46' title='bbox 932 1243 1105 1318; x_wconf 81' lang='lat' dir='ltr'><strong>offerebat</strong></span> <span class='ocrx_word' id='word_1_47' title='bbox 1112 1273 1123 1337; x_wconf 87' lang='lat'>;</span> <span class='ocrx_word' id='word_1_48' title='bbox 1151 1267 1237 1342; x_wconf 91' lang='lat' dir='ltr'><strong>quos</strong></span> 
     </span>
     <span class='ocr_line' id='line_1_8' title="bbox 232 1366 1237 1468; baseline -0.002 -24"><span class='ocrx_word' id='word_1_49' title='bbox 232 1371 293 1468; x_wconf 89' lang='lat' dir='ltr'><strong>qui</strong></span> <span class='ocrx_word' id='word_1_50' title='bbox 323 1367 533 1467; x_wconf 80' lang='lat' dir='ltr'><strong>respuebat,</strong></span> <span class='ocrx_word' id='word_1_51' title='bbox 567 1391 641 1442; x_wconf 86' lang='lat' dir='ltr'><strong>sess</strong></span> <span class='ocrx_word' id='word_1_52' title='bbox 667 1369 753 1466; x_wconf 87' lang='lat' dir='ltr'><strong>ipso</strong></span> <span class='ocrx_word' id='word_1_53' title='bbox 769 1366 862 1440; x_wconf 82' lang='lat' dir='ltr'><strong>fanto</strong></span> <span class='ocrx_word' id='word_1_54' title='bbox 890 1367 1016 1441; x_wconf 76' lang='lat' dir='ltr'><strong>Christi</strong></span> <span class='ocrx_word' id='word_1_55' title='bbox 1046 1366 1237 1466; x_wconf 75' lang='lat' dir='ltr'><strong>disciplina</strong></span> 
     </span>
     <span class='ocr_line' id='line_1_9' title="bbox 231 1491 631 1569; baseline -0.008 -1"><span class='ocrx_word' id='word_1_56' title='bbox 231 1492 409 1568; x_wconf 87' lang='lat' dir='ltr'><strong>addietum</strong></span> <span class='ocrx_word' id='word_1_57' title='bbox 423 1491 631 1569; x_wconf 82' lang='lat' dir='ltr'><strong>fatebatur².</strong></span> 
     </span>
    </p>

    <p class='ocr_par' dir='ltr' id='par_1_3' title="bbox 224 1616 1344 3326">
     <span class='ocr_line' id='line_1_10' title="bbox 280 1616 1235 1716; baseline 0 -24"><span class='ocrx_word' id='word_1_58' title='bbox 280 1617 481 1693; x_wconf 83' lang='lat' dir='ltr'><strong>Communis</strong></span> <span class='ocrx_word' id='word_1_59' title='bbox 493 1617 599 1714; x_wconf 84' lang='lat' dir='ltr'><strong>igitur</strong></span> <span class='ocrx_word' id='word_1_60' title='bbox 611 1616 691 1690; x_wconf 78' lang='lat' dir='ltr'><strong>vitm</strong></span> <span class='ocrx_word' id='word_1_61' title='bbox 707 1639 927 1716; x_wconf 86' lang='lat' dir='ltr'><strong>nequaquam</strong></span> <span class='ocrx_word' id='word_1_62' title='bbox 945 1629 1113 1716; x_wconf 80' lang='lat' dir='ltr'><strong>expertes,</strong></span> <span class='ocrx_word' id='word_1_63' title='bbox 1128 1616 1235 1715; x_wconf 87' lang='lat' dir='ltr'><strong>parti·</strong></span> 
     </span>
     <span class='ocr_line' id='line_1_11' title="bbox 230 1736 1236 1840; baseline -0.001 -23"><span class='ocrx_word' id='word_1_64' title='bbox 230 1743 323 1840; x_wconf 85' lang='lat' dir='ltr'><strong>eipes</strong></span> <span class='ocrx_word' id='word_1_65' title='bbox 344 1765 420 1816; x_wconf 90' lang='lat' dir='ltr'><strong>sese</strong></span> <span class='ocrx_word' id='word_1_66' title='bbox 436 1740 639 1839; x_wconf 85' lang='lat' dir='ltr'><strong>praebebant</strong></span> <span class='ocrx_word' id='word_1_67' title='bbox 659 1752 695 1814; x_wconf 91' lang='lat' dir='ltr'><strong>et</strong></span> <span class='ocrx_word' id='word_1_68' title='bbox 720 1740 799 1833; x_wconf 86' lang='lat' dir='ltr'><strong>lori,</strong></span> <span class='ocrx_word' id='word_1_69' title='bbox 825 1753 859 1816; x_wconf 86' lang='lat' dir='ltr'><strong>et</strong></span> <span class='ocrx_word' id='word_1_70' title='bbox 874 1741 1023 1835; x_wconf 79' lang='lat' dir='ltr'><strong>macelli,</strong></span> <span class='ocrx_word' id='word_1_71' title='bbox 1043 1755 1078 1816; x_wconf 88' lang='lat' dir='ltr'><strong>et</strong></span> <span class='ocrx_word' id='word_1_72' title='bbox 1099 1736 1236 1816; x_wconf 86' lang='lat' dir='ltr'><strong>balneo·</strong></span> 
     </span>
     <span class='ocr_line' id='line_1_12' title="bbox 229 1864 1234 1959; baseline -0.002 -19"><span class='ocrx_word' id='word_1_73' title='bbox 229 1890 322 1955; x_wconf 87' lang='lat' dir='ltr'><strong>rum,</strong></span> <span class='ocrx_word' id='word_1_74' title='bbox 342 1877 378 1940; x_wconf 88' lang='lat' dir='ltr'><strong>et</strong></span> <span class='ocrx_word' id='word_1_75' title='bbox 392 1865 615 1940; x_wconf 80' lang='lat' dir='ltr'><strong>tabernarum</strong></span> <span class='ocrx_word' id='word_1_76' title='bbox 628 1875 664 1938; x_wconf 90' lang='lat' dir='ltr'><strong>et</strong></span> <span class='ocrx_word' id='word_1_77' title='bbox 679 1864 918 1959; x_wconf 82' lang='lat' dir='ltr'><strong>officinarum3</strong></span> <span class='ocrx_word' id='word_1_78' title='bbox 936 1889 1015 1939; x_wconf 88' lang='lat' dir='ltr'><strong>cum</strong></span> <span class='ocrx_word' id='word_1_79' title='bbox 1035 1867 1168 1938; x_wconf 73' lang='lat' dir='ltr'><strong>esteris</strong></span> <span class='ocrx_word' id='word_1_80' title='bbox 1185 1864 1234 1939; x_wconf 94' lang='lat' dir='ltr'><strong>illi</strong></span> 
     </span>
     <span class='ocr_line' id='line_1_13' title="bbox 229 1987 1233 2090; baseline 0 -28"><span class='ocrx_word' id='word_1_81' title='bbox 229 2000 264 2063; x_wconf 80' lang='lat' dir='ltr'><strong>et</strong></span> <span class='ocrx_word' id='word_1_82' title='bbox 275 1988 485 2090; x_wconf 81' lang='lat' dir='ltr'><strong>navigabant</strong></span> <span class='ocrx_word' id='word_1_83' title='bbox 502 2000 537 2064; x_wconf 85' lang='lat' dir='ltr'><strong>et</strong></span> <span class='ocrx_word' id='word_1_84' title='bbox 554 1987 811 2063; x_wconf 79' lang='lat' dir='ltr'><strong>rusticabantur</strong></span> <span class='ocrx_word' id='word_1_85' title='bbox 829 1999 865 2062; x_wconf 89' lang='lat' dir='ltr'><strong>ot</strong></span> <span class='ocrx_word' id='word_1_86' title='bbox 880 1988 1135 2081; x_wconf 85' lang='lat' dir='ltr'><strong>mercabantur,</strong></span> <span class='ocrx_word' id='word_1_87' title='bbox 1152 2013 1233 2063; x_wconf 90' lang='lat' dir='ltr'><strong>suas</strong></span> 
     </span>
     <span class='ocr_line' id='line_1_14' title="bbox 229 2107 1234 2212; baseline -0.002 -25"><span class='ocrx_word' id='word_1_88' title='bbox 229 2110 375 2211; x_wconf 88' lang='lat' dir='ltr'><strong>deniqne</strong></span> <span class='ocrx_word' id='word_1_89' title='bbox 387 2137 508 2211; x_wconf 83' lang='lat' dir='ltr'><strong>operas</strong></span> <span class='ocrx_word' id='word_1_90' title='bbox 522 2110 670 2212; x_wconf 78' lang='lat' dir='ltr'><strong>publicis</strong></span> <span class='ocrx_word' id='word_1_91' title='bbox 685 2110 876 2185; x_wconf 84' lang='lat' dir='ltr'><strong>miscebant</strong></span> <span class='ocrx_word' id='word_1_92' title='bbox 895 2107 1063 2185; x_wconf 78' lang='lat' dir='ltr'><strong>artibus3.</strong></span> <span class='ocrx_word' id='word_1_93' title='bbox 1084 2113 1234 2187; x_wconf 82' lang='lat' dir='ltr'><strong>Tantum</strong></span> 
     </span>
     <span class='ocr_line' id='line_1_15' title="bbox 229 2234 1234 2335; baseline -0.001 -25"><span class='ocrx_word' id='word_1_94' title='bbox 229 2238 500 2330; x_wconf 87' lang='lat' dir='ltr'><strong>noasremoniis,</strong></span> <span class='ocrx_word' id='word_1_95' title='bbox 523 2260 546 2313; x_wconf 85' lang='lat' dir='ltr'><strong>a</strong></span> <span class='ocrx_word' id='word_1_96' title='bbox 562 2234 702 2335; x_wconf 86' lang='lat' dir='ltr'><strong>templis</strong></span> <span class='ocrx_word' id='word_1_97' title='bbox 727 2247 762 2309; x_wconf 90' lang='lat' dir='ltr'><strong>et</strong></span> <span class='ocrx_word' id='word_1_98' title='bbox 782 2235 826 2310; x_wconf 91' lang='lat' dir='ltr'><strong>ab</strong></span> <span class='ocrx_word' id='word_1_99' title='bbox 849 2259 970 2312; x_wconf 88' lang='lat' dir='ltr'><strong>eorum</strong></span> <span class='ocrx_word' id='word_1_100' title='bbox 988 2236 1234 2334; x_wconf 82' lang='lat' dir='ltr'><strong>superstitiosis</strong></span> 
     </span>
     <span class='ocr_line' id='line_1_16' title="bbox 227 2358 1233 2459; baseline -0.001 -24"><span class='ocrx_word' id='word_1_101' title='bbox 227 2361 518 2437; x_wconf 83' lang='lat' dir='ltr'><strong>sollicitudinibus</strong></span> <span class='ocrx_word' id='word_1_102' title='bbox 550 2360 792 2459; x_wconf 87' lang='lat' dir='ltr'><strong>temperabant</strong></span> <span class='ocrx_word' id='word_1_103' title='bbox 800 2358 829 2432; x_wconf 73' lang='grc'><strong>4.</strong></span> <span class='ocrx_word' id='word_1_104' title='bbox 848 2359 1081 2449; x_wconf 83' lang='lat' dir='ltr'><strong>Quamobrem</strong></span> <span class='ocrx_word' id='word_1_105' title='bbox 1110 2360 1233 2459; x_wconf 84' lang='lat' dir='ltr'><strong>eapiti-</strong></span> 
     </span>
     <span class='ocr_line' id='line_1_17' title="bbox 227 2484 1234 2586; baseline 0 -26"><span class='ocrx_word' id='word_1_106' title='bbox 227 2485 294 2561; x_wconf 91' lang='lat' dir='ltr'><strong>bus</strong></span> <span class='ocrx_word' id='word_1_107' title='bbox 311 2489 384 2562; x_wconf 87' lang='lat' dir='ltr'><strong>suis</strong></span> <span class='ocrx_word' id='word_1_108' title='bbox 404 2510 518 2586; x_wconf 87' lang='lat' dir='ltr'><strong>neque</strong></span> <span class='ocrx_word' id='word_1_109' title='bbox 541 2511 687 2561; x_wconf 82' lang='lat' dir='ltr'><strong>coronas</strong></span> <span class='ocrx_word' id='word_1_110' title='bbox 706 2509 819 2584; x_wconf 86' lang='lat' dir='ltr'><strong>neque</strong></span> <span class='ocrx_word' id='word_1_111' title='bbox 837 2484 941 2559; x_wconf 89' lang='lat' dir='ltr'><strong>flores</strong></span> <span class='ocrx_word' id='word_1_112' title='bbox 955 2487 1129 2585; x_wconf 89' lang='lat' dir='ltr'><strong>imponere</strong></span> <span class='ocrx_word' id='word_1_113' title='bbox 1146 2486 1234 2560; x_wconf 88' lang='lat' dir='ltr'><strong>sole·</strong></span> 
     </span>
     <span class='ocr_line' id='line_1_18' title="bbox 227 2606 1344 2710; baseline 0 -27"><span class='ocrx_word' id='word_1_114' title='bbox 227 2609 323 2703; x_wconf 86' lang='lat' dir='ltr'><strong>bant,</strong></span> <span class='ocrx_word' id='word_1_115' title='bbox 343 2621 383 2684; x_wconf 89' lang='lat' dir='ltr'><strong>nt</strong></span> <span class='ocrx_word' id='word_1_116' title='bbox 397 2634 474 2685; x_wconf 91' lang='lat' dir='ltr'><strong>mos</strong></span> <span class='ocrx_word' id='word_1_117' title='bbox 492 2622 577 2704; x_wconf 84' lang='lat' dir='ltr'><strong>erat,</strong></span> <span class='ocrx_word' id='word_1_118' title='bbox 599 2608 691 2710; x_wconf 88' lang='lat' dir='ltr'><strong>quod</strong></span> <span class='ocrx_word' id='word_1_119' title='bbox 708 2606 775 2685; x_wconf 89' lang='lat' dir='ltr'><strong>diis</strong></span> <span class='ocrx_word' id='word_1_120' title='bbox 793 2610 861 2683; x_wconf 86' lang='lat' dir='ltr'><strong>ista</strong></span> <span class='ocrx_word' id='word_1_121' title='bbox 878 2607 1115 2684; x_wconf 80' lang='lat' dir='ltr'><strong>dicabantur³.</strong></span> <span class='ocrx_word' id='word_1_122' title='bbox 1137 2609 1234 2684; x_wconf 88' lang='lat' dir='ltr'><strong>Ideo·</strong></span> <span class='ocrx_word' id='word_1_123' title='bbox 1339 2624 1344 2634; x_wconf 81' lang='grc'><em>·</em></span> 
     </span>
     <span class='ocr_line' id='line_1_19' title="bbox 226 2711 1233 2834; baseline -0.001 -25"><span class='ocrx_word' id='word_1_124' title='bbox 226 2756 294 2831; x_wconf 84' lang='lat' dir='ltr'><strong>qne</strong></span> <span class='ocrx_word' id='word_1_125' title='bbox 324 2737 509 2834; x_wconf 83' lang='lat' dir='ltr'><strong>Gregorius</strong></span> <span class='ocrx_word' id='word_1_126' title='bbox 532 2733 591 2808; x_wconf 90' lang='lat' dir='ltr'><strong>ille</strong></span> <span class='ocrx_word' id='word_1_127' title='bbox 616 2711 850 2811; x_wconf 77' lang='lat' dir='ltr'><strong>Nazianaenus</strong></span> <span class='ocrx_word' id='word_1_128' title='bbox 877 2756 1010 2808; x_wconf 88' lang='lat' dir='ltr'><strong>amoene</strong></span> <span class='ocrx_word' id='word_1_129' title='bbox 1034 2732 1170 2811; x_wconf 83' lang='lat' dir='ltr'><strong>dicebat</strong></span> <span class='ocrx_word' id='word_1_130' title='bbox 1196 2757 1233 2809; x_wconf 88' lang='lat' dir='ltr'><strong>se</strong></span> 
     </span>
     <span class='ocr_line' id='line_1_20' title="bbox 226 2856 1234 2957; baseline 0 -24"><span class='ocrx_word' id='word_1_131' title='bbox 226 2856 328 2933; x_wconf 85' lang='lat' dir='ltr'><strong>flores</strong></span> <span class='ocrx_word' id='word_1_132' title='bbox 351 2858 481 2934; x_wconf 85' lang='lat' dir='ltr'><strong>habers</strong></span> <span class='ocrx_word' id='word_1_133' title='bbox 504 2859 619 2933; x_wconf 83' lang='lat' dir='ltr'><strong>vernis</strong></span> <span class='ocrx_word' id='word_1_134' title='bbox 649 2857 859 2957; x_wconf 86' lang='lat' dir='ltr'><strong>quibuslibet</strong></span> <span class='ocrx_word' id='word_1_135' title='bbox 887 2856 1031 2932; x_wconf 86' lang='lat' dir='ltr'><strong>floribus</strong></span> <span class='ocrx_word' id='word_1_136' title='bbox 1057 2869 1133 2933; x_wconf 92' lang='lat' dir='ltr'><strong>tum</strong></span> <span class='ocrx_word' id='word_1_137' title='bbox 1157 2858 1234 2933; x_wconf 91' lang='lat' dir='ltr'><strong>dul·</strong></span> 
     </span>
     <span class='ocr_line' id='line_1_21' title="bbox 225 2981 1232 3082; baseline 0.001 -28"><span class='ocrx_word' id='word_1_138' title='bbox 225 2983 349 3077; x_wconf 86' lang='lat' dir='ltr'><strong>eiores,</strong></span> <span class='ocrx_word' id='word_1_139' title='bbox 368 2995 443 3060; x_wconf 92' lang='lat' dir='ltr'><strong>tum</strong></span> <span class='ocrx_word' id='word_1_140' title='bbox 458 2982 714 3082; x_wconf 75' lang='lat' dir='ltr'><strong>tragrmnorss,</strong></span> <span class='ocrx_word' id='word_1_141' title='bbox 733 2993 851 3081; x_wconf 84' lang='lat' dir='ltr'><strong>utpote</strong></span> <span class='ocrx_word' id='word_1_142' title='bbox 869 2993 1051 3082; x_wconf 84' lang='lat' dir='ltr'><strong>perceptos</strong></span> <span class='ocrx_word' id='word_1_143' title='bbox 1067 2981 1167 3081; x_wconf 87' lang='lat' dir='ltr'><strong>pleno</strong></span> <span class='ocrx_word' id='word_1_144' title='bbox 1189 3006 1232 3058; x_wconf 83' lang='lat' dir='ltr'><strong>ex</strong></span> 
     </span>
     <span class='ocr_line' id='line_1_22' title="bbox 224 3102 1226 3213; baseline -0.005 -30"><span class='ocrx_word' id='word_1_145' title='bbox 224 3127 309 3204; x_wconf 80' lang='lat' dir='ltr'><strong>agro</strong></span> <span class='ocrx_word' id='word_1_146' title='bbox 335 3130 439 3205; x_wconf 88' lang='lat' dir='ltr'><strong>quem</strong></span> <span class='ocrx_word' id='word_1_147' title='bbox 461 3108 543 3183; x_wconf 83' lang='lat' dir='ltr'><strong>colit</strong></span> <span class='ocrx_word' id='word_1_148' title='bbox 565 3107 722 3183; x_wconf 84' lang='lat' dir='ltr'><strong>Christus</strong></span> <span class='ocrx_word' id='word_1_149' title='bbox 741 3109 867 3208; x_wconf 83' lang='lat' dir='ltr'><strong>cuique</strong></span> <span class='ocrx_word' id='word_1_150' title='bbox 892 3102 1027 3182; x_wconf 80' lang='lat' dir='ltr'><strong>lavst⁶.</strong></span> <span class='ocrx_word' id='word_1_151' title='bbox 1052 3109 1226 3213; x_wconf 80' lang='lat' dir='ltr'><strong>Attamen,</strong></span> 
     </span>
     <span class='ocr_line' id='line_1_23' title="bbox 224 3230 1230 3326; baseline -0.001 -23"><span class='ocrx_word' id='word_1_152' title='bbox 224 3232 333 3326; x_wconf 86' lang='lat' dir='ltr'><strong>quum</strong></span> <span class='ocrx_word' id='word_1_153' title='bbox 347 3244 440 3307; x_wconf 87' lang='lat' dir='ltr'><strong>osset</strong></span> <span class='ocrx_word' id='word_1_154' title='bbox 454 3230 524 3306; x_wconf 91' lang='lat' dir='ltr'><strong>illis</strong></span> <span class='ocrx_word' id='word_1_155' title='bbox 536 3230 746 3308; x_wconf 84' lang='lat' dir='ltr'><strong>domesticus</strong></span> <span class='ocrx_word' id='word_1_156' title='bbox 764 3232 978 3308; x_wconf 79' lang='lat' dir='ltr'><strong>ethnicorum</strong></span> <span class='ocrx_word' id='word_1_157' title='bbox 998 3254 1081 3306; x_wconf 89' lang='lat' dir='ltr'><strong>usus</strong></span> <span class='ocrx_word' id='word_1_158' title='bbox 1100 3239 1135 3302; x_wconf 90' lang='lat' dir='ltr'><strong>ot</strong></span> <span class='ocrx_word' id='word_1_159' title='bbox 1148 3253 1230 3304; x_wconf 84' lang='lat' dir='ltr'><strong>eon·</strong></span> 
     </span>
    </p>
   </div>
   <div class='ocr_carea' id='block_1_3' title="bbox 190 3460 1231 4182">
    <p class='ocr_par' dir='ltr' id='par_1_4' title="bbox 190 3460 1230 3698">
     <span class='ocr_line' id='line_1_24' title="bbox 258 3460 411 3528; baseline 0.013 -15"><span class='ocrx_word' id='word_1_160' title='bbox 258 3467 283 3514; x_wconf 84' lang='lat' dir='ltr'><strong>t.</strong></span> <span class='ocrx_word' id='word_1_161' title='bbox 300 3462 350 3528; x_wconf 73' lang='lat' dir='ltr'><strong>Ap.</strong></span> <span class='ocrx_word' id='word_1_162' title='bbox 364 3460 411 3515; x_wconf 79' lang='lat' dir='ltr'><strong>IX.</strong></span> 
     </span>
     <span class='ocr_line' id='line_1_25' title="bbox 255 3538 1230 3615; baseline -0.003 -18"><span class='ocrx_word' id='word_1_163' title='bbox 255 3551 283 3597; x_wconf 78' lang='lat' dir='ltr'><strong>a.</strong></span> <span class='ocrx_word' id='word_1_164' title='bbox 298 3544 369 3598; x_wconf 73' lang='lat' dir='ltr'><strong>illd.</strong></span> <span class='ocrx_word' id='word_1_165' title='bbox 382 3542 521 3600; x_wconf 62' lang='lat' dir='ltr'><strong>saurus.</strong></span> <span class='ocrx_word' id='word_1_166' title='bbox 532 3546 582 3613; x_wconf 74' lang='lat' dir='ltr'><strong>Ap.</strong></span> <span class='ocrx_word' id='word_1_167' title='bbox 593 3558 639 3615; x_wconf 82' lang='lat' dir='ltr'><strong>xv,</strong></span> <span class='ocrx_word' id='word_1_168' title='bbox 651 3551 693 3600; x_wconf 78' lang='lat'><strong>²7.</strong></span> <span class='ocrx_word' id='word_1_169' title='bbox 704 3545 744 3599; x_wconf 82' lang='lat' dir='ltr'><strong>lte</strong></span> <span class='ocrx_word' id='word_1_170' title='bbox 754 3543 888 3601; x_wconf 67' lang='lat' dir='ltr'><strong>munaus</strong></span> <span class='ocrx_word' id='word_1_171' title='bbox 894 3540 969 3598; x_wconf 74' lang='lat' dir='ltr'><strong>Felix</strong></span> <span class='ocrx_word' id='word_1_172' title='bbox 981 3543 1056 3611; x_wconf 85' lang='lat' dir='ltr'>(xxx)</span> <span class='ocrx_word' id='word_1_173' title='bbox 1067 3539 1134 3596; x_wconf 82' lang='lat' dir='ltr'><strong>dieit</strong></span> <span class='ocrx_word' id='word_1_174' title='bbox 1142 3538 1230 3595; x_wconf 82' lang='lat' dir='ltr'><strong>Chris·</strong></span> 
     </span>
     <span class='ocr_line' id='line_1_26' title="bbox 190 3623 1229 3698; baseline -0.006 -16"><span class='ocrx_word' id='word_1_175' title='bbox 190 3651 192 3655; x_wconf 13' lang='grc' dir='ltr'><strong><em>π</em></strong></span> <span class='ocrx_word' id='word_1_176' title='bbox 221 3625 309 3682; x_wconf 80' lang='lat' dir='ltr'><strong>tiones</strong></span> <span class='ocrx_word' id='word_1_177' title='bbox 320 3641 376 3682; x_wconf 92' lang='lat' dir='ltr'><strong>non</strong></span> <span class='ocrx_word' id='word_1_178' title='bbox 392 3641 471 3682; x_wconf 87' lang='lat' dir='ltr'><strong>nosse</strong></span> <span class='ocrx_word' id='word_1_179' title='bbox 483 3648 497 3675; x_wconf 80' lang='grc' dir='ltr'>ι</span> <span class='ocrx_word' id='word_1_180' title='bbox 510 3626 632 3682; x_wconf 79' lang='lat' dir='ltr'><strong>oriolium</strong></span> <span class='ocrx_word' id='word_1_181' title='bbox 648 3641 773 3698; x_wconf 88' lang='lat' dir='ltr'><strong>psoornm</strong></span> <span class='ocrx_word' id='word_1_182' title='bbox 791 3626 821 3682; x_wconf 91' lang='lat' dir='ltr'><strong>in</strong></span> <span class='ocrx_word' id='word_1_183' title='bbox 841 3626 909 3682; x_wconf 85' lang='lat' dir='ltr'><strong>eibis</strong></span> <span class='ocrx_word' id='word_1_184' title='bbox 926 3623 1099 3695; x_wconf 71' lang='lat' dir='ltr'><strong>sangninem</strong></span> <span class='ocrx_word' id='word_1_185' title='bbox 1111 3645 1125 3671; x_wconf 69' lang='lat' dir='ltr'><strong>s</strong></span> <span class='ocrx_word' id='word_1_186' title='bbox 1138 3624 1229 3677; x_wconf 79' lang='lat' dir='ltr'><strong>edultn</strong></span> 
     </span>
    </p>

    <p class='ocr_par' dir='ltr' id='par_1_5' title="bbox 218 3706 1231 3865">
     <span class='ocr_line' id='line_1_27' title="bbox 218 3706 1231 3782; baseline -0.006 -15"><span class='ocrx_word' id='word_1_187' title='bbox 218 3714 406 3780; x_wconf 69' lang='lat' dir='ltr'><strong>peroraverat</strong></span> <span class='ocrx_word' id='word_1_188' title='bbox 416 3709 673 3782; x_wconf 81' lang='lat' dir='ltr'><strong>qnibnsvssoilioet,</strong></span> <span class='ocrx_word' id='word_1_189' title='bbox 692 3712 762 3767; x_wconf 73' lang='lat' dir='ltr'><strong>nont</strong></span> <span class='ocrx_word' id='word_1_190' title='bbox 773 3713 861 3769; x_wconf 70' lang='lat' dir='ltr'><strong>muter</strong></span> <span class='ocrx_word' id='word_1_191' title='bbox 873 3723 985 3778; x_wconf 76' lang='lat' dir='ltr'><strong>reprom</strong></span> <span class='ocrx_word' id='word_1_192' title='bbox 1003 3708 1096 3763; x_wconf 84' lang='lat' dir='ltr'><strong>eoribit</strong></span> <span class='ocrx_word' id='word_1_193' title='bbox 1105 3706 1231 3764; x_wconf 73' lang='lat' dir='ltr'><strong>Horatius</strong></span> 
     </span>
     <span class='ocr_line' id='line_1_28' title="bbox 221 3794 1045 3865; baseline -0.004 -14"><span class='ocrx_word' id='word_1_194' title='bbox 221 3797 291 3863; x_wconf 77' lang='lat' dir='ltr'><strong>(sot.</strong></span> <span class='ocrx_word' id='word_1_195' title='bbox 306 3797 399 3864; x_wconf 68' lang='lat' dir='ltr'><strong>1131v,</strong></span> <span class='ocrx_word' id='word_1_196' title='bbox 408 3796 462 3865; x_wconf 77' lang='lat' dir='ltr'><strong>tt),</strong></span> <span class='ocrx_word' id='word_1_197' title='bbox 474 3797 643 3853; x_wconf 80' lang='lat' dir='ltr'><strong>eteaoulersto</strong></span> <span class='ocrx_word' id='word_1_198' title='bbox 653 3799 785 3854; x_wconf 70' lang='lat' dir='ltr'><strong>mooun</strong></span> <span class='ocrx_word' id='word_1_199' title='bbox 795 3794 911 3864; x_wconf 84' lang='lat' dir='ltr'><strong>Plinius,</strong></span> <span class='ocrx_word' id='word_1_200' title='bbox 924 3795 990 3858; x_wconf 82' lang='lat' dir='ltr'><strong>vm,</strong></span> <span class='ocrx_word' id='word_1_201' title='bbox 1002 3797 1045 3849; x_wconf 73' lang='lat' dir='ltr'><strong>tt.</strong></span> 
     </span>
    </p>

    <p class='ocr_par' dir='ltr' id='par_1_6' title="bbox 255 3880 1045 3948">
     <span class='ocr_line' id='line_1_29' title="bbox 255 3880 1045 3948; baseline 0.003 -14"><span class='ocrx_word' id='word_1_202' title='bbox 255 3887 283 3934; x_wconf 74' lang='lat'><strong>³.</strong></span> <span class='ocrx_word' id='word_1_203' title='bbox 302 3880 557 3948; x_wconf 76' lang='lat' dir='ltr'><strong>rert.,sp.xxvt1.</strong></span> <span class='ocrx_word' id='word_1_204' title='bbox 1043 3933 1045 3936; x_wconf 84' lang='lat'>.</span> 
     </span>
    </p>

    <p class='ocr_par' dir='ltr' id='par_1_7' title="bbox 253 3962 433 4032">
     <span class='ocr_line' id='line_1_30' title="bbox 253 3962 433 4032; baseline -0.017 -14"><span class='ocrx_word' id='word_1_205' title='bbox 253 3970 279 4018; x_wconf 76' lang='grc'><strong>4.</strong></span> <span class='ocrx_word' id='word_1_206' title='bbox 294 3968 344 4032; x_wconf 78' lang='lat' dir='ltr'><strong>Ap.</strong></span> <span class='ocrx_word' id='word_1_207' title='bbox 357 3962 433 4018; x_wconf 79' lang='lat' dir='ltr'><strong>ml.</strong></span> 
     </span>
    </p>

    <p class='ocr_par' dir='ltr' id='par_1_8' title="bbox 254 4046 621 4109">
     <span class='ocr_line' id='line_1_31' title="bbox 254 4046 621 4109; baseline -0.003 -9"><span class='ocrx_word' id='word_1_208' title='bbox 254 4057 279 4100; x_wconf 81' lang='grc'><strong>5.</strong></span> <span class='ocrx_word' id='word_1_209' title='bbox 295 4048 375 4109; x_wconf 76' lang='lat' dir='ltr'><strong>Toni..</strong></span> <span class='ocrx_word' id='word_1_210' title='bbox 388 4047 422 4100; x_wconf 77' lang='lat' dir='ltr'><strong>tie</strong></span> <span class='ocrx_word' id='word_1_211' title='bbox 434 4048 539 4100; x_wconf 73' lang='lat' dir='ltr'><strong>emona</strong></span> <span class='ocrx_word' id='word_1_212' title='bbox 549 4046 621 4101; x_wconf 77' lang='lat' dir='ltr'><strong>Pbtl.</strong></span> 
     </span>
    </p>

    <p class='ocr_par' dir='ltr' id='par_1_9' title="bbox 254 4127 556 4182">
     <span class='ocr_line' id='line_1_32' title="bbox 254 4127 556 4182; baseline 0.013 -4"><span class='ocrx_word' id='word_1_213' title='bbox 254 4137 278 4180; x_wconf 87' lang='lat' dir='ltr'><strong>a.</strong></span> <span class='ocrx_word' id='word_1_214' title='bbox 298 4131 373 4182; x_wconf 84' lang='lat' dir='ltr'><strong>orat.</strong></span> <span class='ocrx_word' id='word_1_215' title='bbox 385 4127 408 4182; x_wconf 88' lang='lat'><strong>11</strong></span> <span class='ocrx_word' id='word_1_216' title='bbox 419 4132 489 4182; x_wconf 84' lang='lat' dir='ltr'><strong>cont.</strong></span> <span class='ocrx_word' id='word_1_217' title='bbox 500 4130 556 4182; x_wconf 70' lang='lat' dir='ltr'><strong>lul.</strong></span> 
     </span>
    </p>
   </div>
   <div class='ocr_carea' id='block_1_4' title="bbox 0 0 1654 5272">
    <p class='ocr_par' dir='ltr' id='par_1_10' title="bbox 0 0 1654 5272">
     <span class='ocr_line' id='line_1_33' title="bbox 0 0 1654 5272; baseline 0 4"><span class='ocrx_word' id='word_1_218' title='bbox 0 0 1654 5272; x_wconf 95' lang='lat' dir='ltr'><strong> </strong></span> 
     </span>
    </p>
   </div>
  </div>
 </body>
</html>
