<?xml version="1.0" encoding="UTF-8"?>
<!DOCTYPE html PUBLIC "-//W3C//DTD XHTML 1.0 Transitional//EN"
    "http://www.w3.org/TR/xhtml1/DTD/xhtml1-transitional.dtd">
<html xmlns="http://www.w3.org/1999/xhtml" xml:lang="en" lang="en">
 <head>
  <title>
</title>
<meta http-equiv="Content-Type" content="text/html;charset=utf-8" />
  <meta name='ocr-system' content='tesseract 3.04.00' />
  <meta name='ocr-capabilities' content='ocr_page ocr_carea ocr_par ocr_line ocrx_word'/>
</head>
<body>
  <div class='ocr_page' id='page_1' title='image "./desanctocyprian00blamgoog_0485.png"; bbox 0 0 3300 5272; ppageno 0'>
   <div class='ocr_carea' id='block_1_1' title="bbox 341 314 973 388">
    <p class='ocr_par' dir='ltr' id='par_1_1' title="bbox 341 314 973 388">
     <span class='ocr_line' id='line_1_1' title="bbox 341 314 973 388; baseline 0.006 -6"><span class='ocrx_word' id='word_1_1' title='bbox 341 314 405 383; x_wconf 77' lang='lat'><strong>164</strong></span> <span class='ocrx_word' id='word_1_2' title='bbox 705 339 745 386; x_wconf 86' lang='lat' dir='ltr'><strong>ne</strong></span> <span class='ocrx_word' id='word_1_3' title='bbox 770 339 799 385; x_wconf 91' lang='lat' dir='ltr'><strong>s.</strong></span> <span class='ocrx_word' id='word_1_4' title='bbox 829 323 973 388; x_wconf 77' lang='lat' dir='ltr'><strong>crrarrr&#39;u</strong></span> 
     </span>
    </p>
   </div>
   <div class='ocr_carea' id='block_1_2' title="bbox 248 460 1340 1156">
    <p class='ocr_par' dir='ltr' id='par_1_2' title="bbox 331 460 1337 662">
     <span class='ocr_line' id='line_1_2' title="bbox 332 460 1337 566; baseline 0.009 -32"><span class='ocrx_word' id='word_1_5' title='bbox 332 464 417 559; x_wconf 75' lang='lat' dir='ltr'><strong>giers</strong></span> <span class='ocrx_word' id='word_1_6' title='bbox 433 460 587 537; x_wconf 89' lang='lat' dir='ltr'><strong>deditum</strong></span> <span class='ocrx_word' id='word_1_7' title='bbox 597 464 704 537; x_wconf 82' lang='lat' dir='ltr'><strong>fuisse</strong></span> <span class='ocrx_word' id='word_1_8' title='bbox 719 463 882 555; x_wconf 81' lang='lat' dir='ltr'>declarat,</span> <span class='ocrx_word' id='word_1_9' title='bbox 897 489 976 538; x_wconf 87' lang='lat' dir='ltr'><strong>eum</strong></span> <span class='ocrx_word' id='word_1_10' title='bbox 986 464 1029 541; x_wconf 88' lang='lat' dir='ltr'><strong>de</strong></span> <span class='ocrx_word' id='word_1_11' title='bbox 1043 466 1110 541; x_wconf 91' lang='lat' dir='ltr'><strong>hoe</strong></span> <span class='ocrx_word' id='word_1_12' title='bbox 1126 477 1262 541; x_wconf 83' lang='lat' dir='ltr'><strong>taceant</strong></span> <span class='ocrx_word' id='word_1_13' title='bbox 1278 492 1337 566; x_wconf 84' lang='lat' dir='ltr'><strong>ge·</strong></span> 
     </span>
     <span class='ocr_line' id='line_1_3' title="bbox 331 588 1015 662; baseline 0.004 -4"><span class='ocrx_word' id='word_1_14' title='bbox 331 588 436 658; x_wconf 91' lang='lat' dir='ltr'><strong>nuina</strong></span> <span class='ocrx_word' id='word_1_15' title='bbox 448 597 483 659; x_wconf 90' lang='lat' dir='ltr'><strong>et</strong></span> <span class='ocrx_word' id='word_1_16' title='bbox 500 588 633 660; x_wconf 83' lang='lat' dir='ltr'><strong>sincera</strong></span> <span class='ocrx_word' id='word_1_17' title='bbox 651 589 761 661; x_wconf 85' lang='lat' dir='ltr'><strong>saneti</strong></span> <span class='ocrx_word' id='word_1_18' title='bbox 778 600 1015 662; x_wconf 88' lang='lat' dir='ltr'><strong>monumenta.</strong></span> 
     </span>
    </p>

    <p class='ocr_par' dir='ltr' id='par_1_3' title="bbox 248 699 1340 808">
     <span class='ocr_line' id='line_1_4' title="bbox 248 699 1340 808; baseline 0.007 -30"><span class='ocrx_word' id='word_1_19' title='bbox 248 699 252 706; x_wconf 71' lang='grc'>’</span> <span class='ocrx_word' id='word_1_20' title='bbox 377 711 557 797; x_wconf 83' lang='lat' dir='ltr'><strong>Praeterea,</strong></span> <span class='ocrx_word' id='word_1_21' title='bbox 583 725 662 781; x_wconf 89' lang='lat' dir='ltr'><strong>eum</strong></span> <span class='ocrx_word' id='word_1_22' title='bbox 687 710 823 781; x_wconf 83' lang='lat' dir='ltr'><strong>civitate</strong></span> <span class='ocrx_word' id='word_1_23' title='bbox 847 711 994 782; x_wconf 88' lang='lat' dir='ltr'><strong>donatus</strong></span> <span class='ocrx_word' id='word_1_24' title='bbox 1018 733 1127 808; x_wconf 92' lang='lat' dir='ltr'><strong>neque</strong></span> <span class='ocrx_word' id='word_1_25' title='bbox 1149 714 1185 783; x_wconf 93' lang='lat' dir='ltr'><strong>in</strong></span> <span class='ocrx_word' id='word_1_26' title='bbox 1203 712 1340 786; x_wconf 81' lang='lat' dir='ltr'><strong>vincula</strong></span> 
     </span>
    </p>

    <p class='ocr_par' dir='ltr' id='par_1_4' title="bbox 328 834 1338 931">
     <span class='ocr_line' id='line_1_5' title="bbox 328 834 1338 931; baseline 0.003 -24"><span class='ocrx_word' id='word_1_27' title='bbox 328 857 480 931; x_wconf 92' lang='lat' dir='ltr'><strong>unquam</strong></span> <span class='ocrx_word' id='word_1_28' title='bbox 509 857 573 905; x_wconf 85' lang='lat' dir='ltr'><strong>neo</strong></span> <span class='ocrx_word' id='word_1_29' title='bbox 599 834 635 906; x_wconf 92' lang='lat' dir='ltr'><strong>in</strong></span> <span class='ocrx_word' id='word_1_30' title='bbox 663 857 835 906; x_wconf 83' lang='lat' dir='ltr'><strong>carcerem</strong></span> <span class='ocrx_word' id='word_1_31' title='bbox 860 841 1032 930; x_wconf 83' lang='lat' dir='ltr'><strong>conjectus</strong></span> <span class='ocrx_word' id='word_1_32' title='bbox 1062 834 1178 927; x_wconf 85' lang='lat' dir='ltr'><strong>fuerit,</strong></span> <span class='ocrx_word' id='word_1_33' title='bbox 1211 839 1338 911; x_wconf 83' lang='lat' dir='ltr'><strong>eatenis</strong></span> 
     </span>
    </p>

    <p class='ocr_par' dir='ltr' id='par_1_5' title="bbox 325 956 1339 1055">
     <span class='ocr_line' id='line_1_6' title="bbox 325 956 1339 1055; baseline 0.006 -25"><span class='ocrx_word' id='word_1_34' title='bbox 325 957 409 1030; x_wconf 83' lang='lat' dir='ltr'><strong>dicit</strong></span> <span class='ocrx_word' id='word_1_35' title='bbox 423 981 502 1031; x_wconf 92' lang='lat' dir='ltr'><strong>eum</strong></span> <span class='ocrx_word' id='word_1_36' title='bbox 522 956 724 1055; x_wconf 84' lang='lat' dir='ltr'><strong>impeditum</strong></span> <span class='ocrx_word' id='word_1_37' title='bbox 750 957 870 1048; x_wconf 86' lang='lat' dir='ltr'><strong>fuisse,</strong></span> <span class='ocrx_word' id='word_1_38' title='bbox 893 969 995 1055; x_wconf 89' lang='lat' dir='ltr'><strong>atque</strong></span> <span class='ocrx_word' id='word_1_39' title='bbox 1017 960 1052 1030; x_wconf 93' lang='lat' dir='ltr'><strong>in</strong></span> <span class='ocrx_word' id='word_1_40' title='bbox 1076 960 1227 1034; x_wconf 92' lang='lat' dir='ltr'><strong>tenebris</strong></span> <span class='ocrx_word' id='word_1_41' title='bbox 1244 961 1339 1036; x_wconf 87' lang='lat' dir='ltr'><strong>elau·</strong></span> 
     </span>
    </p>

    <p class='ocr_par' dir='ltr' id='par_1_6' title="bbox 326 1096 419 1156">
     <span class='ocr_line' id='line_1_7' title="bbox 326 1096 419 1156; baseline 0.022 -2"><span class='ocrx_word' id='word_1_42' title='bbox 326 1096 419 1156; x_wconf 66' lang='lat' dir='ltr'><strong>sumt</strong></span> 
     </span>
    </p>
   </div>
   <div class='ocr_carea' id='block_1_3' title="bbox 408 1258 1407 1684">
    <p class='ocr_par' dir='ltr' id='par_1_7' title="bbox 410 1258 1110 1334">
     <span class='ocr_line' id='line_1_8' title="bbox 410 1258 1110 1334; baseline 0.003 -18"><span class='ocrx_word' id='word_1_43' title='bbox 410 1264 497 1316; x_wconf 76' lang='lat' dir='ltr'><strong>Anna</strong></span> <span class='ocrx_word' id='word_1_44' title='bbox 511 1260 598 1316; x_wconf 85' lang='lat' dir='ltr'><strong>iatent</strong></span> <span class='ocrx_word' id='word_1_45' title='bbox 610 1259 698 1331; x_wconf 80' lang='lat' dir='ltr'><strong>Tyria</strong></span> <span class='ocrx_word' id='word_1_46' title='bbox 710 1258 880 1332; x_wconf 83' lang='lat' dir='ltr'><strong>Carthaginis</strong></span> <span class='ocrx_word' id='word_1_47' title='bbox 893 1259 975 1317; x_wconf 82' lang='lat' dir='ltr'><strong>attius</strong></span> <span class='ocrx_word' id='word_1_48' title='bbox 988 1270 1110 1334; x_wconf 86' lang='lat' dir='ltr'><strong>reposta,</strong></span> 
     </span>
    </p>

    <p class='ocr_par' dir='ltr' id='par_1_8' title="bbox 410 1345 1022 1420">
     <span class='ocr_line' id='line_1_9' title="bbox 410 1345 1022 1420; baseline -0.003 -14"><span class='ocrx_word' id='word_1_49' title='bbox 410 1347 524 1406; x_wconf 82' lang='lat' dir='ltr'>Conscia</span> <span class='ocrx_word' id='word_1_50' title='bbox 534 1355 660 1404; x_wconf 77' lang='lat' dir='ltr'><strong>tartamae</strong></span> <span class='ocrx_word' id='word_1_51' title='bbox 671 1345 806 1420; x_wconf 83' lang='lat' dir='ltr'><strong>caliginis,</strong></span> <span class='ocrx_word' id='word_1_52' title='bbox 819 1347 1022 1418; x_wconf 80' lang='lat' dir='ltr'><strong>ahdieatasoii3</strong></span> 
     </span>
    </p>

    <p class='ocr_par' dir='ltr' id='par_1_9' title="bbox 408 1435 1215 1511">
     <span class='ocr_line' id='line_1_10' title="bbox 408 1435 1215 1511; baseline 0.01 -21"><span class='ocrx_word' id='word_1_53' title='bbox 408 1435 524 1492; x_wconf 90' lang='lat' dir='ltr'><strong>Clausus</strong></span> <span class='ocrx_word' id='word_1_54' title='bbox 535 1435 564 1491; x_wconf 90' lang='lat' dir='ltr'><strong>in</strong></span> <span class='ocrx_word' id='word_1_55' title='bbox 577 1435 619 1492; x_wconf 92' lang='lat' dir='ltr'><strong>his</strong></span> <span class='ocrx_word' id='word_1_56' title='bbox 633 1435 767 1507; x_wconf 74' lang='lat' dir='ltr'>specubus</span> <span class='ocrx_word' id='word_1_57' title='bbox 780 1443 892 1492; x_wconf 84' lang='lat' dir='ltr'><strong>sanetus</strong></span> <span class='ocrx_word' id='word_1_58' title='bbox 902 1437 1065 1511; x_wconf 82' lang='lat' dir='ltr'><strong>Cyprianus,</strong></span> <span class='ocrx_word' id='word_1_59' title='bbox 1077 1446 1107 1496; x_wconf 88' lang='lat' dir='ltr'><strong>et</strong></span> <span class='ocrx_word' id='word_1_60' title='bbox 1118 1446 1215 1498; x_wconf 83' lang='lat' dir='ltr'><strong>ostona</strong></span> 
     </span>
    </p>

    <p class='ocr_par' dir='ltr' id='par_1_10' title="bbox 408 1524 1407 1684">
     <span class='ocr_line' id='line_1_11' title="bbox 408 1524 1407 1598; baseline 0.005 -19"><span class='ocrx_word' id='word_1_61' title='bbox 408 1525 500 1581; x_wconf 84' lang='lat' dir='ltr'><strong>Nexus</strong></span> <span class='ocrx_word' id='word_1_62' title='bbox 513 1533 628 1598; x_wconf 88' lang='lat' dir='ltr'><strong>utraque</strong></span> <span class='ocrx_word' id='word_1_63' title='bbox 641 1524 752 1581; x_wconf 91' lang='lat' dir='ltr'><strong>manu.&#39;</strong></span> <span class='ocrx_word' id='word_1_64' title='bbox 1403 1584 1407 1593; x_wconf 86' lang='grc'>,</span> 
     </span>
     <span class='ocr_line' id='line_1_12' title="bbox 664 1615 1290 1684; baseline 0.014 -18"><span class='ocrx_word' id='word_1_65' title='bbox 664 1616 725 1683; x_wconf 75' lang='lat' dir='ltr'><strong>[lapi</strong></span> <span class='ocrx_word' id='word_1_66' title='bbox 736 1615 877 1680; x_wconf 74' lang='grc' dir='ltr'>Στεφάνων,</span> <span class='ocrx_word' id='word_1_67' title='bbox 887 1619 979 1670; x_wconf 72' lang='lat' dir='ltr'><strong>Passio</strong></span> <span class='ocrx_word' id='word_1_68' title='bbox 993 1620 1019 1668; x_wconf 78' lang='lat' dir='ltr'><strong>S.</strong></span> <span class='ocrx_word' id='word_1_69' title='bbox 1035 1619 1172 1684; x_wconf 71' lang='lat' dir='ltr'><strong>cypriant,</strong></span> <span class='ocrx_word' id='word_1_70' title='bbox 1187 1625 1273 1674; x_wconf 51' lang='lat' dir='ltr'><strong>sihi.</strong></span> <span class='ocrx_word' id='word_1_71' title='bbox 1288 1632 1290 1638; x_wconf 79' lang='grc'>’</span> 
     </span>
    </p>
   </div>
   <div class='ocr_carea' id='block_1_4' title="bbox 317 1776 1337 3742">
    <p class='ocr_par' dir='ltr' id='par_1_11' title="bbox 317 1776 1337 2873">
     <span class='ocr_line' id='line_1_13' title="bbox 368 1776 1335 1878; baseline 0.01 -28"><span class='ocrx_word' id='word_1_72' title='bbox 368 1781 454 1869; x_wconf 89' lang='lat' dir='ltr'><strong>lmo,</strong></span> <span class='ocrx_word' id='word_1_73' title='bbox 486 1801 575 1850; x_wconf 89' lang='lat' dir='ltr'><strong>anno</strong></span> <span class='ocrx_word' id='word_1_74' title='bbox 604 1801 779 1866; x_wconf 76' lang='lat' dir='ltr'><strong>caesura,</strong></span> <span class='ocrx_word' id='word_1_75' title='bbox 813 1776 999 1878; x_wconf 77' lang='lat' dir='ltr'><strong>Gregorius</strong></span> <span class='ocrx_word' id='word_1_76' title='bbox 1016 1785 1268 1877; x_wconf 80' lang='lat' dir='ltr'><strong>Nazianzenus,</strong></span> <span class='ocrx_word' id='word_1_77' title='bbox 1291 1784 1335 1860; x_wconf 83' lang='lat' dir='ltr'><strong>ad</strong></span> 
     </span>
     <span class='ocr_line' id='line_1_14' title="bbox 320 1903 1332 2003; baseline 0.007 -27"><span class='ocrx_word' id='word_1_78' title='bbox 320 1904 729 2000; x_wconf 86' lang='lat' dir='ltr'><strong>Constantinopolitanum</strong></span> <span class='ocrx_word' id='word_1_79' title='bbox 743 1903 912 2001; x_wconf 92' lang='lat' dir='ltr'><strong>populum</strong></span> <span class='ocrx_word' id='word_1_80' title='bbox 930 1929 1124 1980; x_wconf 90' lang='lat' dir='ltr'><strong>sermonem</strong></span> <span class='ocrx_word' id='word_1_81' title='bbox 1138 1909 1332 2003; x_wconf 88' lang='lat' dir='ltr'><strong>habiturus,</strong></span> 
     </span>
     <span class='ocr_line' id='line_1_15' title="bbox 317 2027 1337 2129; baseline 0.007 -28"><span class='ocrx_word' id='word_1_82' title='bbox 317 2027 405 2102; x_wconf 89' lang='lat' dir='ltr'><strong>duos</strong></span> <span class='ocrx_word' id='word_1_83' title='bbox 422 2028 613 2126; x_wconf 79' lang='lat' dir='ltr'><strong>Cyprianus</strong></span> <span class='ocrx_word' id='word_1_84' title='bbox 623 2050 686 2123; x_wconf 89' lang='lat' dir='ltr'><strong>pro</strong></span> <span class='ocrx_word' id='word_1_85' title='bbox 699 2027 964 2125; x_wconf 90' lang='lat' dir='ltr'><strong>unoeedemque</strong></span> <span class='ocrx_word' id='word_1_86' title='bbox 974 2031 1048 2103; x_wconf 82' lang='lat' dir='ltr'><strong>viro</strong></span> <span class='ocrx_word' id='word_1_87' title='bbox 1061 2030 1197 2105; x_wconf 89' lang='lat' dir='ltr'><strong>habuit.</strong></span> <span class='ocrx_word' id='word_1_88' title='bbox 1211 2036 1337 2129; x_wconf 80' lang='lat' dir='ltr'><strong>Neque</strong></span> 
     </span>
     <span class='ocr_line' id='line_1_16' title="bbox 318 2151 1337 2250; baseline 0.005 -25"><span class='ocrx_word' id='word_1_89' title='bbox 318 2176 399 2227; x_wconf 83' lang='lat' dir='ltr'><strong>vero</strong></span> <span class='ocrx_word' id='word_1_90' title='bbox 427 2177 507 2226; x_wconf 88' lang='lat' dir='ltr'><strong>eum</strong></span> <span class='ocrx_word' id='word_1_91' title='bbox 530 2151 709 2250; x_wconf 90' lang='lat' dir='ltr'><strong>permultis</strong></span> <span class='ocrx_word' id='word_1_92' title='bbox 732 2151 915 2224; x_wconf 86' lang='lat' dir='ltr'><strong>dicendum</strong></span> <span class='ocrx_word' id='word_1_93' title='bbox 941 2166 993 2226; x_wconf 90' lang='lat' dir='ltr'><strong>est</strong></span> <span class='ocrx_word' id='word_1_94' title='bbox 1018 2153 1114 2227; x_wconf 94' lang='lat' dir='ltr'><strong>illum</strong></span> <span class='ocrx_word' id='word_1_95' title='bbox 1141 2156 1337 2231; x_wconf 88' lang='lat' dir='ltr'><strong>uenalium</strong></span> 
     </span>
     <span class='ocr_line' id='line_1_17' title="bbox 320 2276 1334 2379; baseline 0.004 -29"><span class='ocrx_word' id='word_1_96' title='bbox 320 2301 424 2375; x_wconf 90' lang='lat' dir='ltr'><strong>quam</strong></span> <span class='ocrx_word' id='word_1_97' title='bbox 443 2276 698 2350; x_wconf 80' lang='lat' dir='ltr'><strong>Antiochenam</strong></span> <span class='ocrx_word' id='word_1_98' title='bbox 714 2287 903 2373; x_wconf 84' lang='lat' dir='ltr'><strong>martyrem</strong></span> <span class='ocrx_word' id='word_1_99' title='bbox 926 2276 1098 2369; x_wconf 86' lang='lat' dir='ltr'><strong>laudasse,</strong></span> <span class='ocrx_word' id='word_1_100' title='bbox 1121 2281 1249 2379; x_wconf 90' lang='lat' dir='ltr'><strong>quippe</strong></span> <span class='ocrx_word' id='word_1_101' title='bbox 1274 2283 1334 2379; x_wconf 90' lang='lat' dir='ltr'><strong>qui</strong></span> 
     </span>
     <span class='ocr_line' id='line_1_18' title="bbox 319 2399 1335 2503; baseline 0.005 -29"><span class='ocrx_word' id='word_1_102' title='bbox 319 2414 419 2476; x_wconf 83' lang='lat' dir='ltr'><strong>vocet</strong></span> <span class='ocrx_word' id='word_1_103' title='bbox 445 2401 763 2498; x_wconf 78' lang='lat' dir='ltr'><strong>Carthaginensium</strong></span> <span class='ocrx_word' id='word_1_104' title='bbox 790 2399 896 2474; x_wconf 85' lang='lat' dir='ltr'><strong>decus</strong></span> <span class='ocrx_word' id='word_1_105' title='bbox 923 2426 1001 2477; x_wconf 90' lang='lat' dir='ltr'><strong>eum</strong></span> <span class='ocrx_word' id='word_1_106' title='bbox 1029 2415 1205 2500; x_wconf 87' lang='lat' dir='ltr'><strong>pastorem</strong></span> <span class='ocrx_word' id='word_1_107' title='bbox 1231 2431 1335 2503; x_wconf 91' lang='lat' dir='ltr'><strong>quem</strong></span> 
     </span>
     <span class='ocr_line' id='line_1_19' title="bbox 320 2525 1332 2625; baseline 0.003 -25"><span class='ocrx_word' id='word_1_108' title='bbox 320 2527 523 2625; x_wconf 56' lang='lat' dir='ltr'><strong>predicata</strong></span> <span class='ocrx_word' id='word_1_109' title='bbox 543 2536 578 2599; x_wconf 85' lang='lat' dir='ltr'><strong>et</strong></span> <span class='ocrx_word' id='word_1_110' title='bbox 591 2526 747 2623; x_wconf 83' lang='lat' dir='ltr'><strong>egregios</strong></span> <span class='ocrx_word' id='word_1_111' title='bbox 759 2533 833 2624; x_wconf 92' lang='lat' dir='ltr'><strong>ejus</strong></span> <span class='ocrx_word' id='word_1_112' title='bbox 856 2525 965 2599; x_wconf 89' lang='lat' dir='ltr'><strong>libros</strong></span> <span class='ocrx_word' id='word_1_113' title='bbox 981 2543 1242 2602; x_wconf 88' lang='lat' dir='ltr'><strong>commemoret.</strong></span> <span class='ocrx_word' id='word_1_114' title='bbox 1265 2534 1332 2602; x_wconf 90' lang='lat' dir='ltr'><strong>Ve-</strong></span> 
     </span>
     <span class='ocr_line' id='line_1_20' title="bbox 322 2649 1333 2748; baseline 0.005 -24"><span class='ocrx_word' id='word_1_115' title='bbox 322 2663 515 2724; x_wconf 84' lang='lat' dir='ltr'><strong>rumtamen</strong></span> <span class='ocrx_word' id='word_1_116' title='bbox 530 2649 817 2748; x_wconf 76' lang='lat' dir='ltr'><strong>Juoundissimam</strong></span> <span class='ocrx_word' id='word_1_117' title='bbox 833 2652 993 2748; x_wconf 88' lang='lat' dir='ltr'><strong>Cypriani</strong></span> <span class='ocrx_word' id='word_1_118' title='bbox 1016 2654 1222 2727; x_wconf 69' lang='lat' dir='ltr'><strong>antiocheni</strong></span> <span class='ocrx_word' id='word_1_119' title='bbox 1241 2655 1333 2729; x_wconf 89' lang='lat' dir='ltr'><strong>illius</strong></span> 
     </span>
     <span class='ocr_line' id='line_1_21' title="bbox 324 2774 1186 2873; baseline 0 -25"><span class='ocrx_word' id='word_1_120' title='bbox 324 2799 364 2848; x_wconf 88' lang='lat' dir='ltr'><strong>ae</strong></span> <span class='ocrx_word' id='word_1_121' title='bbox 378 2775 518 2871; x_wconf 77' lang='lat' dir='ltr'><strong>virginis</strong></span> <span class='ocrx_word' id='word_1_122' title='bbox 533 2775 676 2846; x_wconf 84' lang='lat' dir='ltr'><strong>Justinae</strong></span> <span class='ocrx_word' id='word_1_123' title='bbox 692 2775 872 2847; x_wconf 88' lang='lat' dir='ltr'><strong>historiam</strong></span> <span class='ocrx_word' id='word_1_124' title='bbox 883 2774 985 2873; x_wconf 85' lang='lat' dir='ltr'><strong>longe</strong></span> <span class='ocrx_word' id='word_1_125' title='bbox 1001 2779 1186 2849; x_wconf 87' lang='lat' dir='ltr'><strong>enarravit.</strong></span> 
     </span>
    </p>

    <p class='ocr_par' dir='ltr' id='par_1_12' title="bbox 323 2896 1337 3742">
     <span class='ocr_line' id='line_1_22' title="bbox 372 2896 1335 2997; baseline 0.005 -26"><span class='ocrx_word' id='word_1_126' title='bbox 372 2897 490 2971; x_wconf 86' lang='lat' dir='ltr'><strong>Puella</strong></span> <span class='ocrx_word' id='word_1_127' title='bbox 511 2898 615 2994; x_wconf 82' lang='lat' dir='ltr'><strong>igitur</strong></span> <span class='ocrx_word' id='word_1_128' title='bbox 632 2896 803 2970; x_wconf 88' lang='lat' dir='ltr'><strong>natahbus</strong></span> <span class='ocrx_word' id='word_1_129' title='bbox 821 2899 979 2995; x_wconf 83' lang='lat' dir='ltr'><strong>insignis,</strong></span> <span class='ocrx_word' id='word_1_130' title='bbox 1009 2899 1123 2972; x_wconf 87' lang='lat' dir='ltr'><strong>forma</strong></span> <span class='ocrx_word' id='word_1_131' title='bbox 1143 2902 1335 2997; x_wconf 80' lang='lat' dir='ltr'><strong>praeclaris-</strong></span> 
     </span>
     <span class='ocr_line' id='line_1_23' title="bbox 324 3019 1335 3118; baseline 0.002 -20"><span class='ocrx_word' id='word_1_132' title='bbox 324 3026 426 3114; x_wconf 91' lang='lat' dir='ltr'><strong>sima,</strong></span> <span class='ocrx_word' id='word_1_133' title='bbox 464 3019 653 3118; x_wconf 85' lang='lat' dir='ltr'><strong>disciplinis</strong></span> <span class='ocrx_word' id='word_1_134' title='bbox 686 3019 940 3093; x_wconf 90' lang='lat' dir='ltr'><strong>honestissimis</strong></span> <span class='ocrx_word' id='word_1_135' title='bbox 976 3021 1123 3113; x_wconf 91' lang='lat' dir='ltr'><strong>imbuta,</strong></span> <span class='ocrx_word' id='word_1_136' title='bbox 1159 3025 1335 3101; x_wconf 82' lang='lat' dir='ltr'><strong>Christum</strong></span> 
     </span>
     <span class='ocr_line' id='line_1_24' title="bbox 326 3143 1335 3245; baseline 0.001 -22"><span class='ocrx_word' id='word_1_137' title='bbox 326 3172 462 3223; x_wconf 89' lang='lat' dir='ltr'><strong>summo</strong></span> <span class='ocrx_word' id='word_1_138' title='bbox 477 3167 595 3218; x_wconf 90' lang='lat' dir='ltr'><strong>amore</strong></span> <span class='ocrx_word' id='word_1_139' title='bbox 612 3143 896 3241; x_wconf 88' lang='lat' dir='ltr'><strong>prosequebatur.</strong></span> <span class='ocrx_word' id='word_1_140' title='bbox 922 3147 1024 3242; x_wconf 82' lang='lat' dir='ltr'><strong>Cujus</strong></span> <span class='ocrx_word' id='word_1_141' title='bbox 1041 3146 1201 3245; x_wconf 85' lang='lat' dir='ltr'><strong>cupidine</strong></span> <span class='ocrx_word' id='word_1_142' title='bbox 1221 3150 1335 3224; x_wconf 87' lang='lat' dir='ltr'><strong>subito</strong></span> 
     </span>
     <span class='ocr_line' id='line_1_25' title="bbox 323 3267 1333 3367; baseline 0 -21"><span class='ocrx_word' id='word_1_143' title='bbox 323 3273 558 3346; x_wconf 81' lang='lat' dir='ltr'><strong>inflammatus</strong></span> <span class='ocrx_word' id='word_1_144' title='bbox 572 3270 762 3366; x_wconf 87' lang='lat' dir='ltr'><strong>Cyprianus</strong></span> <span class='ocrx_word' id='word_1_145' title='bbox 776 3267 834 3341; x_wconf 91' lang='lat' dir='ltr'><strong>ille</strong></span> <span class='ocrx_word' id='word_1_146' title='bbox 843 3268 901 3365; x_wconf 92' lang='lat' dir='ltr'><strong>qui</strong></span> <span class='ocrx_word' id='word_1_147' title='bbox 914 3267 1111 3343; x_wconf 82' lang='lat' dir='ltr'><strong>daemonum</strong></span> <span class='ocrx_word' id='word_1_148' title='bbox 1128 3273 1333 3367; x_wconf 85' lang='lat' dir='ltr'><strong>cultorerat,</strong></span> 
     </span>
     <span class='ocr_line' id='line_1_26' title="bbox 328 3392 1335 3494; baseline 0.002 -24"><span class='ocrx_word' id='word_1_149' title='bbox 328 3409 367 3472; x_wconf 94' lang='lat' dir='ltr'><strong>ut</strong></span> <span class='ocrx_word' id='word_1_150' title='bbox 381 3419 457 3469; x_wconf 89' lang='lat' dir='ltr'><strong>eam</strong></span> <span class='ocrx_word' id='word_1_151' title='bbox 478 3394 544 3467; x_wconf 91' lang='lat' dir='ltr'><strong>sihi</strong></span> <span class='ocrx_word' id='word_1_152' title='bbox 567 3395 707 3490; x_wconf 91' lang='lat' dir='ltr'><strong>suisque</strong></span> <span class='ocrx_word' id='word_1_153' title='bbox 729 3394 817 3464; x_wconf 88' lang='lat' dir='ltr'><strong>votis</strong></span> <span class='ocrx_word' id='word_1_154' title='bbox 839 3392 966 3465; x_wconf 90' lang='lat' dir='ltr'><strong>habeat</strong></span> <span class='ocrx_word' id='word_1_155' title='bbox 987 3393 1234 3494; x_wconf 84' lang='lat' dir='ltr'><strong>indulgentem,</strong></span> <span class='ocrx_word' id='word_1_156' title='bbox 1258 3423 1335 3472; x_wconf 90' lang='lat' dir='ltr'><strong>ma·</strong></span> 
     </span>
     <span class='ocr_line' id='line_1_27' title="bbox 325 3517 1337 3619; baseline 0.005 -27"><span class='ocrx_word' id='word_1_157' title='bbox 325 3522 481 3619; x_wconf 84' lang='lat' dir='ltr'><strong>gicarum</strong></span> <span class='ocrx_word' id='word_1_158' title='bbox 507 3517 735 3614; x_wconf 89' lang='lat' dir='ltr'><strong>peritissimus</strong></span> <span class='ocrx_word' id='word_1_159' title='bbox 759 3539 888 3608; x_wconf 89' lang='lat' dir='ltr'><strong>rerum,</strong></span> <span class='ocrx_word' id='word_1_160' title='bbox 916 3517 1052 3592; x_wconf 85' lang='lat' dir='ltr'><strong>diaholo</strong></span> <span class='ocrx_word' id='word_1_161' title='bbox 1075 3521 1238 3617; x_wconf 89' lang='lat' dir='ltr'><strong>quodam,</strong></span> <span class='ocrx_word' id='word_1_162' title='bbox 1262 3548 1337 3597; x_wconf 86' lang='lat' dir='ltr'><strong>cor·</strong></span> 
     </span>
     <span class='ocr_line' id='line_1_28' title="bbox 326 3641 1337 3742; baseline 0.002 -24"><span class='ocrx_word' id='word_1_163' title='bbox 326 3668 450 3742; x_wconf 79' lang='lat' dir='ltr'><strong>porum</strong></span> <span class='ocrx_word' id='word_1_164' title='bbox 470 3666 512 3714; x_wconf 88' lang='lat' dir='ltr'><strong>ae</strong></span> <span class='ocrx_word' id='word_1_165' title='bbox 524 3641 736 3740; x_wconf 80' lang='lat' dir='ltr'><strong>voluptatum</strong></span> <span class='ocrx_word' id='word_1_166' title='bbox 752 3642 930 3733; x_wconf 80' lang='lat' dir='ltr'><strong>amante&#39;,</strong></span> <span class='ocrx_word' id='word_1_167' title='bbox 953 3645 1073 3716; x_wconf 88' lang='lat' dir='ltr'><strong>utitur.</strong></span> <span class='ocrx_word' id='word_1_168' title='bbox 1096 3647 1184 3720; x_wconf 87' lang='lat' dir='ltr'><strong>Tum</strong></span> <span class='ocrx_word' id='word_1_169' title='bbox 1204 3646 1337 3722; x_wconf 89' lang='lat' dir='ltr'><strong>adoles-</strong></span> 
     </span>
    </p>
   </div>
   <div class='ocr_carea' id='block_1_5' title="bbox 362 3877 1122 4028">
    <p class='ocr_par' dir='ltr' id='par_1_13' title="bbox 362 3877 1122 4028">
     <span class='ocr_line' id='line_1_29' title="bbox 362 3877 1122 3947; baseline -0.012 -14"><span class='ocrx_word' id='word_1_170' title='bbox 362 3891 384 3938; x_wconf 78' lang='grc' dir='ltr'><strong>ί.</strong></span> <span class='ocrx_word' id='word_1_171' title='bbox 403 3885 440 3933; x_wconf 84' lang='grc' dir='ltr'><strong>Τὸ</strong></span> <span class='ocrx_word' id='word_1_172' title='bbox 451 3882 514 3947; x_wconf 75' lang='grc' dir='ltr'><strong>μίγα</strong></span> <span class='ocrx_word' id='word_1_173' title='bbox 525 3881 585 3931; x_wconf 79' lang='grc' dir='ltr'>ποτὲ</span> <span class='ocrx_word' id='word_1_174' title='bbox 600 3879 777 3947; x_wconf 78' lang='grc' dir='ltr'>Καρχηδονίων</span> <span class='ocrx_word' id='word_1_175' title='bbox 787 3877 877 3943; x_wconf 76' lang='grc' dir='ltr'>ὄνομα.</span> <span class='ocrx_word' id='word_1_176' title='bbox 894 3883 969 3933; x_wconf 75' lang='lat' dir='ltr'><strong>orat,</strong></span> <span class='ocrx_word' id='word_1_177' title='bbox 982 3880 1122 3942; x_wconf 51' lang='lat' dir='ltr'><strong>mistae,</strong></span> 
     </span>
     <span class='ocr_line' id='line_1_30' title="bbox 362 3962 904 4028; baseline -0.015 -10"><span class='ocrx_word' id='word_1_178' title='bbox 362 3977 386 4020; x_wconf 74' lang='lat'><strong>2.</strong></span> <span class='ocrx_word' id='word_1_179' title='bbox 405 3968 461 4016; x_wconf 78' lang='grc' dir='ltr'><strong>Τῶν</strong></span> <span class='ocrx_word' id='word_1_180' title='bbox 474 3964 654 4028; x_wconf 78' lang='grc' dir='ltr'>φιλοσωμάτων</span> <span class='ocrx_word' id='word_1_181' title='bbox 667 3963 709 4012; x_wconf 80' lang='grc' dir='ltr'><strong>ναὶ</strong></span> <span class='ocrx_word' id='word_1_182' title='bbox 722 3963 864 4026; x_wconf 78' lang='grc' dir='ltr'>φιληδόνων,</span> <span class='ocrx_word' id='word_1_183' title='bbox 877 3962 904 4011; x_wconf 74' lang='grc' dir='ltr'><strong>Γ.</strong></span> 
     </span>
    </p>
   </div>
   <div class='ocr_carea' id='block_1_6' title="bbox 0 0 1679 5272">
    <p class='ocr_par' dir='ltr' id='par_1_14' title="bbox 0 0 1679 5272">
     <span class='ocr_line' id='line_1_31' title="bbox 0 0 1679 5272; baseline 0 0"><span class='ocrx_word' id='word_1_184' title='bbox 0 0 1679 5272; x_wconf 95' lang='lat' dir='ltr'><strong> </strong></span> 
     </span>
    </p>
   </div>
  </div>
 </body>
</html>
