3300 5272
545 444 694 505 sinnii
727 445 897 505 risum
930 430 1077 505 ux'vm
1285 454 1342 504 229

269 608 377 691 Quem
394 625 427 674 et
445 609 641 699 prehensum
655 632 754 674 manu
772 609 915 694 deduxit.
937 610 1020 674 Dein
1037 608 1093 676 ille
1106 611 1222 692 etiam,
1241 632 1342 698 quum

225 735 323 798 ambo
337 734 459 799 velient
473 737 577 800 facere
593 733 725 823 aliquid,
739 736 772 798 in
786 734 939 800 uxorcula
955 734 1059 799 lentus
1073 734 1262 822 patiensque
1271 732 1342 798 tuit.

270 859 332 922 Res
349 859 391 921 ita
406 873 536 946 peracta
549 858 620 953 fuit.

271 981 397 1045 Fabuiae
423 997 531 1046 autem
556 982 624 1045 haec
651 998 699 1047 est
727 982 936 1072 significatio,
970 984 1135 1047 hominem
1162 982 1261 1046 ioetari
1288 983 1342 1070 qui

226 1104 345 1169 maium
362 1120 458 1193 queat
474 1105 559 1170 maio
573 1104 763 1194 rependere.

712 1472 850 1539 CXVII.

524 1724 651 1784 HOMO
683 1726 739 1786 ET
770 1726 1034 1787 MERCURIUS.

269 2032 358 2094 Nave
384 2028 550 2117 quondam
582 2029 659 2115 ipsis
689 2026 832 2091 demersa
855 2051 929 2093 cum
951 2032 1153 2114 vectoribus,
1182 2048 1343 2121 spectator

223 2150 355 2240 quidam
367 2150 446 2216 deos
465 2149 619 2238 arguebat
634 2169 742 2236 aequos
758 2170 825 2212 non
843 2170 911 2212 esse
928 2147 1072 2234 judices:
1090 2173 1155 2215 uno
1171 2153 1198 2215 si
1212 2151 1340 2239 quidem

153 2299 155 2303 ’
223 2278 324 2365 impio
349 2292 448 2340 retem
466 2275 628 2363 ingresso,
657 2274 846 2337 innocentes
868 2272 1024 2361 plurimos
1038 2297 1105 2338 una
1122 2298 1199 2338 cum
1217 2275 1273 2339 ilio
1287 2277 1339 2340 in·
1355 2291 1362 2300 ·

222 2401 364 2464 terirent.

269 2523 438 2606 Quaedum
465 2522 671 2611 loqueretur,
696 2523 807 2602 simui,
836 2537 872 2587 ut
897 2522 958 2586 fert
981 2546 1089 2606 casus,
1109 2523 1280 2588 multarum
1298 2522 1340 2588 ad

222 2650 325 2737 ipsum
340 2649 471 2713 accessit
490 2670 604 2736 agmen
627 2647 848 2727 formicarum,
865 2646 1007 2735 paleolas
1024 2649 1268 2736 properantium
1288 2671 1339 2714 ro-

223 2775 299 2840 dere
313 2775 462 2839 triticeas.

268 2899 316 2963 De
341 2899 454 2986 quibus
479 2922 541 2962 una
562 2922 663 2987 quum
688 2897 916 2963 momordisset
941 2898 1051 2979 illum,
1075 2898 1229 2986 plurimas
1257 2898 1339 2987 pede

221 3023 427 3110 proculcavit.

265 3147 351 3210 Tum
366 3144 494 3211 adstans
505 3145 697 3226 Mercurius,
711 3162 742 3210 et
754 3147 920 3210 hominem
933 3145 1055 3235 virgula
1069 3144 1203 3227 feriens,
1218 3175 1230 3201 n
1244 3145 1339 3209 Dein·

222 3298 234 3322 ·
251 3290 326 3355 ceps
341 3289 408 3332 non
424 3269 579 3355 patieris»
597 3269 716 3355 inquit,
734 3298 746 3324 u
761 3266 840 3333 deos
858 3290 926 3332 esse
941 3283 1083 3332 restrum
1097 3267 1241 3353 judices,
1264 3289 1338 3354 que-

222 3422 234 3445 ·
249 3390 311 3454 iem
329 3407 361 3456 te
375 3390 497 3479 praebes
509 3391 718 3456 formicarum
730 3393 766 3456 »i

268 3639 371 3705 Docet
389 3662 449 3704 nos
471 3641 630 3723 'narratio,
658 3662 724 3704 non
751 3663 819 3705 esse
840 3637 1034 3727 culpandum
1061 3639 1338 3727 incomprehensi-

222 4029 269 4077 ρον.
282 4019 361 4076 Quem
370 4014 478 4064 conterat
485 4015 592 4065 tectoret
600 4027 622 4078 p.
636 4016 689 4076 150,
698 4017 751 4064 Ati.
839 4019 862 4062 ὀ.
880 4018 909 4074 A,
925 4014 1036 4076 λέγοντες.
1053 4011 1143 4063 Fabula
1163 4012 1251 4062 coliate
1274 4014 1340 4063 recte

258 4099 293 4142 tc.
309 4098 339 4157 A,
355 4094 455 4144 ἐκτῖσαι.
468 4094 580 4158 intelligo
599 4094 674 4143 κακὸν
694 4095 753 4156 istri·
806 4091 920 4154 ὶέῖοντος.

223 4190 280 4235 σαι,
292 4173 317 4222 in
335 4186 408 4224 sensu
419 4173 509 4222 muium
521 4174 643 4238 promulo
655 4171 754 4223 redden·
813 4224 815 4228 Α
840 4175 863 4221 7.
880 4171 966 4222 suidas
977 4190 982 4218 ι
994 4174 1074 4237 fixum,
1085 4173 1158 4224 λεπτὰ
1171 4175 1256 4240 ἄχυρα.

223 4251 262 4313 di,
272 4252 337 4316 quod
353 4266 402 4303 non
413 4253 514 4303 estsine
527 4253 639 4317 exempto
651 4251 754 4304 dictum.
839 4255 863 4300 9.
880 4255 910 4312 A,
926 4251 1014 4314 Ἑρμῆς
1024 4250 1045 4300 τ’
1056 4251 1159 4309 ἐπιστάς.
1176 4252 1256 4302 sumn
1271 4252 1292 4302 δ’
1310 4267 1339 4303 ex

255 4331 312 4380 rab.
324 4336 417 4383 cxvtl.
437 4331 506 4388 cont.
523 4336 610 4395 corcy.
628 4333 685 4383 Feb.
698 4336 754 4396 tot,
809 4327 890 4380 sumile
903 4329 1000 4380 collatu.
1018 4329 1057 4381 ste
1072 4333 1218 4394 pennutstoe
1232 4332 1308 4383 litere
1319 4333 1340 4380 τ’

224 4422 248 4472 p.
267 4413 322 4472 237,
341 4413 398 4473 4103
406 4408 532 4462 mortun
541 4409 599 4459 rat.
617 4415 641 4459 e.
808 4408 830 4460 t’
842 4407 900 4457 rat.
919 4411 1021 4470 ronti.
