3300 5272
479 429 625 487 babiti!
659 428 828 488 FABULA
855 432 925 491 vlt.
1231 445 1263 492 tn

147 615 160 639 ι
174 588 286 673 genuit
302 601 412 649 rnater.
437 585 532 650 Nunc
545 585 643 674 igitur
660 610 711 650 me
726 589 811 652 sinas
828 589 927 670 abire,
944 612 1050 677 neque
1071 591 1201 656 occidas
1221 593 1266 655 in-

147 759 160 781 «
175 750 309 791 cassum.
324 730 402 808 Ast,
418 750 535 814 quum,
557 727 677 793 marina
691 728 792 793 fartus
804 729 894 818 alga,
909 730 1011 795 fartus
1026 753 1082 796 ero
1096 684 1266 821 grandini,

149 870 344 958 «beatisque
362 872 429 956 jam
450 870 549 936 ooenis
574 869 731 953 idoneus,
759 886 837 936 tunc
861 870 926 936 buo
942 874 1075 938 veniens
1096 874 1197 939 serius
1216 897 1268 939 me

151 1044 165 1068 ι
176 1014 319 1101 capies».

194 1155 283 1220 Talia
301 1155 473 1218 mussitans
494 1154 629 1244 rogabat
649 1154 840 1243 saliensque.
862 1155 923 1220 Sed
945 1179 1012 1221 non
1034 1172 1102 1221 erat
1126 1159 1270 1222 senecio·

154 1318 229 1358 nem
248 1293 412 1358 blanditiis
428 1292 642 1384 decepturus,
668 1296 741 1382 qui,
767 1312 862 1360 acuto
879 1295 970 1361 illum
980 1299 1082 1382 junco
1099 1299 1273 1383 trajiciens,

155 1437 200 1500 sic
225 1455 272 1500 est
290 1436 401 1500 fatus:
426 1467 439 1492 ι
454 1435 519 1517 Qui
542 1459 639 1524 parva
664 1435 814 1524 quidem,
841 1454 874 1502 at
889 1454 996 1521 certa,
1028 1461 1095 1502 non
1112 1440 1267 1522 servavit,

1304 1521 1316 1566 Ο

155 1610 167 1633 ι
184 1577 320 1642 stoiidus
336 1594 401 1658 est,
418 1578 536 1642 incerta
553 1579 580 1641 si
596 1595 733 1642 venetur
746 1610 769 1642 υ.-

681 1994 755 2060 vn.

501 2274 647 2346 EQUUS
677 2275 732 2334 ET
763 2274 945 2336 ANNUS:

208 2585 315 2646 Homo
338 2583 471 2670 quidam
499 2605 618 2670 equum
643 2581 799 2665 babebat,
826 2607 922 2672 quem
944 2542 1080 2650 raedam
1096 2588 1284 2677 protrahere

163 2736 295 2816 solitus,
313 2734 424 2806 vetulo
444 2734 600 2799 sarcinam
620 2734 810 2822 imponebat
825 2738 927 2802 asino.

210 2885 388 2974 Hicigitur,
399 2884 504 2949 valide
516 2885 674 2949 exercitus
689 2886 812 2967 labore,
821 2885 863 2950 ad
872 2887 964 2952 illum
977 2888 1284 2978 accessitdixitque:

166 3070 178 3091 ι
193 3038 225 3102 Si
244 3036 323 3099 mihi
338 3035 427 3099 voles
441 3035 581 3122 aliquam
597 3035 705 3097 oneris
719 3049 842 3121 partein
857 3058 1040 3115 assumere,
1057 3034 1167 3100 forsan
1179 3059 1288 3100 evase·

167 3218 180 3241 «
195 3187 255 3249 rinr
273 3185 400 3268 salvus3
418 3183 507 3274 quod
519 3185 545 3248 si
559 3184 661 3264 noles,
679 3184 803 3247 morior
817 3214 842 3248 ι.

214 3339 272 3400 Ast
296 3358 400 3423 equus
428 3336 577 3399 «Nonne
610 3332 819 3424 procedes-,⁹
848 3335 900 3397 ait.
933 3334 1031 3399 «Nec
1059 3335 1102 3399 sis
1132 3335 1288 3400 molestus

170 3519 183 3541 ·
195 3486 277 3548 mibi
291 3518 314 3547 ι.
343 3485 385 3548 Et
399 3482 598 3573 procedebat
613 3483 723 3546 asinus
737 3482 856 3563 silens;
881 3497 948 3546 turn
968 3481 1157 3547 lassitudine
1174 3483 1287 3548 conse·

168 3651 240 3698 ctus
255 3631 390 3713 cecidit,
401 3632 563 3719 jacuitque
579 3648 745 3712 mortuus,
760 3647 795 3695 ut
810 3631 1011 3721 praedixerat.

216 3784 299 3871 Ergo
320 3796 452 3869 propter
466 3780 592 3844 asinurn
610 3802 709 3867 ocyus
729 3803 846 3868 equum
861 3779 1011 3845 dominus
1032 3777 1214 3860 collocans,
1241 3795 1291 3842 to·

171 4170 704 4239 pauvraesrpiuontntdttensamantere».
758 4167 1290 4232 unruoch.rragan.³1;rtuurcti.riaec.

205 4259 241 4304 14.
271 4253 357 4303 suidas
385 4267 392 4300 ι
419 4252 535 4310 θωπεύει,
568 4252 702 4314 αἰτιατικῇ·
757 4249 832 4300 sunit.
845 4254 917 4297 ott).

171 4336 259 4397 ἀπατᾷ.
790 4331 815 4377 7.
830 4334 859 4390 Λ,
869 4326 973 4390 emta:
985 4325 1036 4377 dns
1047 4327 1101 4389 μήδ’
1109 4328 1253 4393 dispitiam

205 4416 261 4465 Fal).
272 4418 323 4464 vn.
341 4413 409 4462 cont.
425 4418 509 4478 sorry.
523 4417 549 4460 F.
566 4416 617 4470 trs,
632 4423 654 4473 p.
664 4412 705 4467 ot,
791 4412 814 4456 8.
829 4410 859 4467 Α,
874 4404 944 4470 ripn«.
958 4405 1013 4453 Feci
1023 4405 1175 4468 spondaeum.

1146 4512 1168 4550 a.
