3300 5272
809 429 963 491 assuit
989 431 1159 492 tunitii
1189 431 1308 494 xxiii.
1575 446 1608 498 ti

548 590 689 680 Capillos
715 615 843 681 quoque
866 592 919 659 die
939 594 1067 685 legebat
1098 597 1204 686 puella
1234 619 1318 686 quos
1337 601 1492 688 reperiret
1523 600 1611 664 albe-

503 747 645 814 scentes3
669 732 858 823 legebatque
873 736 977 802 vetula
994 738 1131 827 nigm,
1144 740 1172 807 si
1189 761 1285 828 quem
1298 741 1479 830 reperisset.
1497 742 1612 807 Donec

504 875 629 941 calvum
645 876 753 966 puella
768 879 863 945 simul
880 897 913 946 et
927 903 1009 947 anus
1029 883 1178 949 fecerunt
1196 885 1380 966 hominem,
1408 907 1509 973 quum
1530 908 1613 950 una-

409 1084 412 1089 ,
503 1040 639 1106 qunque
668 1019 858 1109 capillorum
879 1023 1029 1089 avelleret
1052 1026 1252 1115 particulam.
1283 1026 1403 1092 Vulsus
1427 1028 1515 1093 enim
1540 1031 1616 1092 assi-

466 1162 470 1171 '
505 1157 569 1223 due
589 1160 767 1248 probeque,
791 1161 985 1230 nudabatur.

548 1299 587 1365 Id
602 1317 708 1367 auwm
720 1303 830 1369 fabule
844 1308 967 1371 cunctis
979 1306 1320 1397 proedicithominibus
1337 1333 1344 1374 :
1359 1341 1372 1367 ι
1386 1309 1536 1394 Flebilis,
1552 1314 1618 1400 qui÷

506 1465 671 1532 unumque
682 1446 718 1509 in
734 1446 881 1512 foeminas
898 1447 1026 1515 incidit.
1049 1450 1177 1516 Morsus
1196 1454 1282 1517 enim
1305 1452 1433 1519 assidue
1454 1452 1620 1543 probeque

447 1606 448 1611 ¹
507 1582 755 1650 denudatur.-

1004 2017 1127 2084 XXIII.

687 2332 919 2394 eunoicus
946 2335 1023 2405 Qui
1048 2335 1236 2397 'rennuit
1266 2336 1431 2397 iniisti.

549 2701 711 2765 Bubulcus
735 2701 835 2764 homo
854 2700 1057 2788 cornigerum
1073 2714 1203 2763 taurum
1217 2714 1338 2764 vastam
1361 2721 1420 2788 per
1440 2699 1552 2765 silvam
1567 2724 1621 2765 an·

504 2835 652 2923 quirebat
666 2834 832 2916 amissum,
846 2850 984 2922 votaque
997 2833 1135 2898 faciebat
1150 2834 1334 2899 monticolis
1349 2835 1510 2924 nymphis,
1529 2836 1617 2901 Mer-

506 2978 612 3060 curio,
631 2979 710 3043 Pani
725 2977 1029 3067 pastorali,·eccolis
1043 2978 1248 3060 numinibus,
1264 2999 1382 3067 agnum
1399 2976 1564 3065 pollicitus
1582 3000 1616 3041 se

506 3121 688 3201 libaturam,
705 3119 860 3185 latronem
876 3120 904 3184 si
918 3120 1032 3209 capiet

550 3264 700 3329 Pulcrum
719 3278 825 3328 autem
842 3279 979 3343 taurum,
996 3281 1175 3325 conscenso
1189 3258 1283 3339 colle,
1297 3257 1416 3321 factum
1428 3255 1518 3320 videt
1533 3257 1620 3321 leoni

505 3406 671 3497 pabulum.
696 3407 779 3470 Tum
797 3403 937 3468 misellus
951 3399 1177 3491 precabundus
1188 3412 1286 3462 vovet
1301 3399 1401 3462 boves
1415 3420 1545 3485 quoque
1557 3399 1617 3461 aris

505 3572 539 3614 se
553 3547 713 3628 daturum,
731 3547 758 3610 si
774 3547 873 3635 possit
891 3544 1001 3608 saltem
1016 3541 1159 3630 elingere
1173 3540 1339 3605 latronem.

536 3992 559 4039 i.
578 3996 607 4052 Α,
623 3991 698 4056 Ἑρμῇ
713 3988 819 4053 morio,
837 3987 907 4038 Πανί.
922 3991 1034 4049 nymnos
1118 3991 1142 4035 s.
1160 4003 1172 4026 ι
1183 3989 1216 4032 Le
1234 3981 1390 4046 periculose
1409 3980 1456 4030 nit
1474 3992 1521 4030 uno
1538 3978 1617 4029 (lisso

501 4069 646 4120 Homericus
668 4073 707 4129 it,
720 4074 752 4118 3:
772 4068 831 4119 Πᾶν’
839 4066 1032 4128 maiouim,
1087 4075 1179 4125 nance,
1191 4063 1298 4124 quoique
1315 4064 1380 4111 cette
1400 4060 1488 4123 phrase
1501 4059 1550 4109 soit
1570 4072 1619 4109 une

506 4149 586 4212 νόμιον
595 4147 655 4198 triv.
863 4181 867 4189 .
1088 4141 1208 4192 imitation
1217 4141 1248 4191 de
1259 4141 1319 4190 celis
1328 4141 1457 4191 d'iiomere
1470 4139 1510 4205 [ii.
1523 4145 1551 4201 Α,
1563 4140 1626 4204 oo]:

539 4235 562 4278 5.
579 4228 681 4280 suidas:
693 4228 770 4287 λοιὸἡ·
783 4225 971 4287 nordliudis.
1088 4223 1108 4272 sl
1120 4239 1160 4272 κεν
1175 4221 1273 4272 θάνατόν
1292 4237 1319 4283 γε
1337 4221 1448 4284 φύγοιμεν
1458 4239 1481 4268 s.
1498 4223 1624 4272 muttit.

539 4312 562 4358 7.
577 4306 680 4360 suidam
693 4306 766 4366 θοίνη·
779 4306 860 4371 τροφὴ,
873 4305 977 4369 cinxia,
993 4319 1034 4352 m·
1088 4301 1152 4364 Quid
1171 4301 1204 4351 sit
1221 4299 1315 4350 dissoni
1331 4298 1444 4364 equidem
1464 4313 1512 4350 uon
1533 4299 1618 4358 video,

507 4388 627 4454 τῦρωμι,
1089 4382 1164 4431 iiomo
1173 4380 1301 4431 burburus.

1434 4510 1456 4552 l.
