3300 5272
412 539 452 588 sr
477 539 648 609 morarum
674 541 783 592 narro.
1040 519 1129 592 ltt'

39 750 43 758 ,
91 683 163 742 tem
183 666 423 759 consumebat,
441 668 472 740 ei
493 668 686 765 permultos
712 665 875 741 inuidisse
890 671 1103 767 accepimus.

91 791 172 867 lude
187 790 225 865 ct
244 791 430 889 populares
449 791 571 865 turbae
594 795 788 866 excitarunt
806 793 1104 893 Carthaginienses

48 894 49 898 Ἰ
89 915 218 1013 quihus
246 939 331 990 sane
355 915 516 989 delectari
547 917 641 990 soliti
666 918 818 992 fuerunt.
858 922 1104 1004 Verumtamen

87 1053 214 1139 prater
226 1040 413 1114 tumultum
428 1064 531 1138 quem
547 1065 656 1115 sacrm
673 1042 814 1116 familiar
830 1044 978 1140 injecere
994 1044 1106 1118 schie-

89 1169 207 1261 matici
222 1167 300 1251 viri,
316 1165 504 1263 disputatio
516 1163 560 1238 de
576 1164 828 1263 rebaptizandis
843 1166 1013 1242 haereticis
1029 1192 1106 1242 om·

33 1275 35 1279 ¹
89 1294 148 1364 nia
164 1289 363 1364 commovit.
383 1291 449 1378 Qui
466 1293 675 1388 cyprianum
689 1294 878 1397 precessit,
897 1295 1103 1392 agrippinus

90 1420 272 1494 haereticos
294 1418 338 1492 ad
358 1418 550 1492 Ecclesiam
577 1417 720 1492 reduces
742 1417 857 1492 denuo
878 1421 1104 1518 baptizandos

89 1567 167 1618 esse
186 1546 375 1627 arbitratus
389 1557 475 1618 erat.
497 1549 585 1618 Cum
604 1568 687 1618 vero
706 1547 802 1618 Lucii.
819 1546 934 1619 locum
958 1546 1103 1642 Stepha-

88 1692 155 1742 nus
170 1669 365 1765 occupavit,
391 1690 436 1738 ne
451 1654 746 1764 rebaptizarentur
758 1668 807 1740 illi
827 1668 1018 1765 prohibuit.
1034 1667 1103 1741 sed

89 1761 223 1868 mer-am
255 1793 298 1866 ad
324 1793 540 1890 disciplinam
572 1815 647 1865 rem
677 1795 846 1890 pertinere
876 1794 1099 1884 existimans,

85 1894 257 2017 Emphani
283 1917 475 2014 Cyprianus
503 1914 630 1987 restitit
659 1915 870 1988 auctoritati.
891 1915 973 1989 lude
1003 1915 1103 2013 plura

89 2035 250 2129 concilia,
274 2039 458 2138 permultae
484 2038 620 2125 litterae,
642 2037 756 2111 studia
771 2041 960 2111 contrario.
980 2040 1102 2138 Neque

87 2188 170 2240 rere
197 2167 282 2238 satie
308 2164 522 2262 benignitate
548 2174 651 2259 atque
678 2161 894 2237 humanitate
921 2164 1100 2264 Carthagi·

13 2303 16 2306 ’
87 2287 218 2373 niensis
237 2286 418 2382 episcopus
433 2306 517 2358 usus
545 2306 624 2357 esee
649 2281 797 2377 ridetur,
814 2286 873 2383 qui
895 2289 1100 2360 sententiam

87 2434 186 2486 auam
205 2427 345 2508 suaeque
364 2411 528 2484 Ecclesia
546 2407 828 2483 consuetudinem
841 2412 966 2483 acriter
980 2410 1100 2485 deien-

86 2524 540 2633 marmaritanorum
564 2559 730 2610 romanus
757 2536 878 2608 anihil
903 2538 1097 2628 innovetur,
1157 2533 1161 2541 ’

87 2662 155 2734 nisi
180 2659 273 2758 quod
300 2661 463 2735 traditum
487 2673 571 2734 est»
603 2644 811 2758 prescribit,
834 2659 958 2753 idest,
981 2662 1012 2733 si
1029 2685 1101 2758 qua

86 2783 243 2859 Ecclesia
260 2786 468 2883 peculiarem
486 2787 683 2883 opinionem
706 2799 886 2882 sequatur,
910 2784 1004 2884 quod
1028 2795 1100 2860 tra·
1172 2843 1173 2846 ,

85 2909 196 2984 ditum
211 2924 285 3003 est,
308 2911 402 3008 quod
419 2910 589 3009 generalis
616 2910 772 2984 Ecclesia
794 2924 909 3008 putat,
928 2911 965 2984 id
980 2910 1099 2988 credat
1187 2999 1189 3001 ¹

84 3036 295 3134 illaoportot
304 3047 335 3110 ².
354 3040 438 3110 Utut
453 3039 513 3129 sit,
527 3036 690 3134 Stephani
705 3038 877 3110 sententia
887 3060 967 3134 quae
980 3038 1097 3134 pristi-

84 3184 168 3234 num
183 3174 218 3234 et
232 3182 454 3265 communem
474 3182 576 3234 usum
594 3172 730 3251 serrat,
746 3167 825 3257 jure
843 3183 885 3233 ac
906 3162 1029 3233 merito
1044 3163 1096 3234 ri·

85 3288 145 3361 cit.
178 3289 301 3383 Neque
332 3285 484 3383 amplius
509 3286 651 3358 luerunt
679 3285 800 3382 quiin
826 3285 945 3357 Africi
973 3306 1096 3356 rursus

84 3435 176 3511 aqua
195 3413 375 3511 tingendos
388 3437 465 3487 esse
487 3413 694 3486 christianos
714 3412 757 3485 ad
771 3411 874 3484 iidem
888 3411 1094 3486 catholicam

84 3537 267 3611 redeuntes
289 3549 465 3635 putarunt.

133 3665 377 3736 Verumtamen
408 3675 527 3736 exorta
552 3662 611 3735 illa
636 3665 726 3734 inter
747 3684 806 3734 eos
831 3661 1006 3765 contentio
1026 3685 1094 3735 non

78 3789 182 3882 juetae
195 3785 307 3859 officit
323 3785 553 3859 observantiae
569 3807 638 3882 qua
650 3808 872 3858 romanorum
891 3782 1093 3881 pontificum

118 3987 145 4065 t.¹
156 4013 265 4068 cents.
274 4015 352 4082 hug..
365 4017 399 4068 de
411 4019 515 4082 Bopttr.
529 4021 625 4070 contro
639 4020 743 4080 Donat,
754 4015 774 4068 l.
788 4017 820 4076 V,
835 4031 859 4068 o.
871 4025 911 4069 2⁵.

115 4105 139 4149 ².
156 4095 260 4152 Videris
266 4097 432 4152 Thommini
444 4103 662 4154 Emertottonem
670 4103 709 4152 ort
718 4103 831 4166 medor
839 4105 865 4151 to
875 4114 958 4152 como
969 4101 1095 4168 topttamt

82 4185 264 4250 barateorum
276 4185 407 4237 collectos.
