3300 5272
425 508 469 577 86
736 526 882 575 cunina
909 524 1127 583 eccaesraocu

422 654 595 727 numerari
607 655 675 725 nisi
693 676 737 726 cx
756 676 798 725 eo
820 650 912 749 quod
926 653 1000 724 Deo
1019 663 1118 722 natus
1138 662 1203 741 est,
1223 649 1299 723 haec
1312 652 1348 722 iu
1362 672 1434 722 am·

425 776 529 873 bigne
547 776 785 874 relinquantur
801 798 944 848 necesse
960 784 1012 845 est
1022 784 1049 844 ¹.

472 903 517 973 Ut
538 911 578 973 ut
596 901 655 992 sit,
682 899 843 998 Cypriani
864 899 964 971 nobis
999 899 1184 993 imaginem
1208 896 1323 970 verbis
1344 897 1434 994 opti·

424 1047 519 1096 mam
533 1023 683 1121 praebuit
697 1048 803 1121 quam
820 1024 946 1096 intueri
958 1029 1066 1119 juvat,
1080 1028 1153 1119 eJus
1168 1022 1334 1095 diaconus
1346 1024 1434 1096 Pon-

424 1151 512 1222 tius:
537 1180 551 1213 o
572 1150 695 1222 Gravis
719 1148 835 1222 vultus
852 1159 887 1221 et
906 1148 1023 1239 latus;
1042 1171 1106 1219 nec
1125 1147 1290 1220 severitas
1312 1148 1432 1237 tristis,

424 1296 487 1344 nee
504 1273 651 1345 comitas
663 1274 790 1365 nimia3
812 1272 874 1345 sed
884 1271 1038 1345 admixta
1048 1275 1221 1368 utrimque
1236 1271 1433 1368 temperies,

428 1408 466 1469 ut
476 1410 567 1469 esset
578 1396 767 1495 ambigere,
778 1387 889 1469 vereri
903 1397 982 1492 plus
993 1419 1036 1467 an
1048 1395 1142 1493 diligi
1156 1406 1356 1482 mereretur,
1368 1392 1435 1465 nisi

427 1520 519 1616 quod
548 1532 584 1594 et
601 1521 709 1594 vereri
736 1530 771 1593 at
787 1520 882 1618 diligi
913 1519 1121 1593 merebatur.
1145 1516 1213 1592 Sed
1232 1542 1297 1592 nec
1325 1518 1437 1591 cultus

428 1644 494 1717 luit
507 1644 625 1741 dispar
641 1668 663 1716 a
678 1642 790 1732 vultu,
804 1653 1016 1741 temperatus
1031 1654 1067 1716 et
1081 1645 1153 1738 epse
1169 1645 1340 1715 demedio.
1361 1646 1437 1716 Non

429 1766 525 1841 illum
547 1768 709 1865 superbia
730 1767 905 1842 saecularis
919 1767 1112 1855 inflaverat,
1131 1791 1194 1842 nec
1208 1780 1325 1841 tamen
1343 1792 1439 1865 pror·

429 1916 491 1965 sus
506 1892 671 1965 affectata
683 1896 826 1990 penuria
839 1892 1052 1984 sordidarat3
1072 1894 1154 1989 quia
1165 1904 1200 1964 et
1211 1892 1278 1965 hoc
1294 1891 1438 1964 vestitus

429 2040 537 2113 genus
554 2040 575 2088 a
585 2019 754 2115 jactantia
775 2020 889 2090 minus
911 2040 979 2089 non
1003 2029 1054 2089 est
1074 2041 1180 2114 quam
1200 2026 1370 2089 ostentata
1387 2026 1439 2088 ta·

431 2140 509 2213 liter
536 2139 722 2213 ambitiosa
747 2141 974 2238 frugalitas...
1007 2144 1155 2215 'lautum
1186 2142 1379 2213 sanctitatis
1406 2153 1440 2214 et

432 2265 551 2363 gratiae
567 2289 609 2337 ex
624 2289 684 2338 ore
697 2262 929 2362 ejuslucebat,
947 2278 986 2336 nt
997 2263 1223 2338 conlaudaret
1236 2266 1440 2339 intuentium

432 2397 600 2458 mentcs².
627 2418 640 2451 o

483 2512 565 2583 Haec
582 2534 664 2585 vero
679 2510 812 2585 indoles
826 2526 1030 2609 temperata,
1049 2514 1123 2587 haec
1136 2537 1234 2587 mens
1244 2514 1438 2605 sanissima,

435 2636 470 2707 hi
486 2657 599 2707 mores
616 2638 719 2707 locedii
731 2638 765 2708 in
782 2638 944 2735 Cypriani
966 2650 1001 2710 st
1024 2639 1096 2709 vita
1117 2652 1151 2711 et
1171 2639 1309 2735 scriptis
1329 2637 1443 2710 claris·

434 2760 521 2831 sima
556 2772 662 2856 atque
700 2762 911 2857 amplissime
952 2762 1159 2835 indicantur.
1193 2764 1319 2835 Hostes
1351 2761 1441 2833 enim

436 2908 527 2971 suos,
549 2886 578 2956 si
594 2882 705 2974 decet,
726 2885 826 2982 fugit,
848 2908 911 2959 nec
925 2900 1073 2961 mortem
1100 2887 1281 2961 honestam
1309 2887 1439 2977 neseit3

436 3031 513 3081 seso
530 2986 663 3106 op'tima
681 3006 750 3082 fido
768 3009 875 3081 saeris
891 3008 1024 3107 legibus
1042 3010 1186 3110 obligat,
1207 3024 1243 3084 at
1258 3035 1373 3084 rerum
1390 3008 1442 3081 di-

435 3130 695 3206 lucidandamm
718 3155 825 3205 causa
845 3132 985 3205 rationis
1002 3158 1145 3208 summm
1160 3160 1263 3209 usum
1290 3134 1440 3209 exhibet.

435 3258 616 3354 Nusquam
643 3256 785 3329 omnino
806 3255 1074 3331 immoderatum
1092 3261 1245 3333 animum
1262 3258 1440 3357 patefacit,

436 3401 578 3478 semper·
591 3391 708 3453 autem
732 3380 859 3452 nimios
884 3380 1039 3454 homines
1061 3384 1244 3480 vituperat.
1269 3384 1306 3455 ln
1325 3380 1440 3473 modo,

435 3503 470 3573 in
484 3504 588 3575 rectis
605 3502 732 3576 finibus
752 3504 939 3577 consistere
957 3505 1042 3578 solat
1056 3505 1342 3602 sapientissimus.
1363 3502 1443 3578 lude

468 3738 491 3785 l.
505 3733 630 3787 Alcman
643 3732 784 3787 Genucius
803 3734 967 3803 cyprianum
990 3732 1072 3787 fuisse
1092 3736 1242 3787 senatorem
1257 3730 1359 3786 asena
1392 3734 1443 3799 σς·

429 3818 525 3883 prtem
538 3821 599 3879 Via,
621 3821 695 3884 1717,
713 3831 741 3886 p.
759 3826 785 3871 5.
807 3818 848 3872 lta
861 3822 888 3871 cl
898 3816 1028 3872 Baronius
1041 3818 1090 3886 qui
1108 3816 1174 3871 lalso
1188 3814 1306 3885 Gregorii
1319 3814 1443 3869 Naziaun.

432 3903 617 3957 anctoritatem
626 3906 832 3975 usurpat‚cu1n,
845 3903 955 3958 utinlra
967 3903 1149 3975 probabimus,
1164 3900 1303 3972 Gregorius
1311 3900 1379 3955 dues
1394 3901 1446 3971 cy-

432 3988 553 4055 priauos,
569 3988 813 4058 Carthaginiensem
832 3989 963 4045 nimirum
979 3993 1006 4042 ct
1022 3990 1217 4043 Antiochenam
1234 3986 1263 4040 in
1284 4001 1370 4041 unam
1382 3985 1445 4039 mis·

431 4075 497 4123 ceat.
733 4088 738 4098 ·

466 4164 489 4207 2.
509 4156 571 4223 Gap.
585 4170 625 4218 vr,
636 4156 707 4224 apud
719 4158 841 4211 Ruiuart.
