3300 5272
582 466 629 516 ar
647 467 819 519 eumarum
836 469 953 519 uarro.
1070 499 1078 516 .
1212 451 1276 522 153

265 592 481 694 atquemulie
495 590 620 691 quibua
632 591 813 667 hominum
822 615 933 696 genua
945 594 1271 696 ubuudutingemit3

264 717 438 791 interdum
453 729 584 817 umen,
596 715 721 791 solutio
732 716 899 813 repletur,
913 718 1187 797 Christianorum
1198 747 1280 798 eou-

266 838 1280 944 siderenerirtutemardet,lmtitiaaxaultet,gloriumuefe·

268 971 432 1043 licitatum
449 967 608 1040 allectat.
624 967 800 1065 Nonquia
814 990 956 1042 omnem
969 967 1109 1044 illorum
1123 971 1278 1068 priorum

265 1104 459 1191 mamyrum
484 1090 975 1190 accumulatamque
1009 1092 1189 1193 Polycarpi
1216 1107 1279 1169 aut

267 1219 389 1317 ignatii
401 1217 671 1315 flagrantissimo
684 1215 920 1292 inflammetur
935 1217 1070 1314 ardore,
1081 1243 1144 1318 epe
1161 1233 1280 1294 tamen

252 1357 475 1434 commotus,
487 1340 694 1440 imaginibus
707 1343 866 1417 enitescit
874 1341 1182 1441 splendidissimia
1190 1347 1279 1421 uum

267 1461 471 1538 felicissima
491 1457 657 1533 facilitate
684 1459 764 1531 viro
783 1460 919 1558 gurgite
943 1459 1107 1534 exundat.
1129 1463 1222 1535 Dum
1242 1460 1281 1539 iu

267 1585 490 1675 Tertulliano,
510 1581 592 1656 lieet
604 1579 733 1655 densus
748 1583 795 1655 ait
818 1594 854 1656 ot
869 1594 1012 1681 argutus
1030 1583 1066 1657 in
1085 1583 1279 1674 renunciis,

266 1708 416 1785 eubinde
432 1705 595 1783 lectorem
607 1702 793 1779 oflendunt
805 1704 914 1778 multa
923 1705 1088 1805 perplexa
1098 1719 1203 1805 atque
1219 1708 1282 1785 im·
1321 1724 1324 1731 '

266 1834 397 1934 pedite,
420 1829 607 1906 illeverbie
622 1827 782 1902 dilucidis
798 1833 850 1903 uti
863 1833 966 1906 solet.
988 1833 1080 1905 Hinc
1093 1830 1282 1930 euraeplue
1405 1889 1408 1895 .

267 1962 304 2032 in
315 1955 528 2031 Tertulliano
548 1951 684 2029 videtur
701 1953 821 2042 iuiaoe,
836 1954 871 2027 iu
886 1953 954 2029 hoc
968 1966 1113 2029 uaturca
1142 1952 1282 2027 Eteuim

270 2081 440 2158 barbarae
466 2076 607 2176 quidem
638 2101 763 2168 roceo,
800 2076 982 2170 insolitae,
1015 2098 1157 2176 asperae
1191 2099 1283 2149 uuus

268 2217 431 2304 umrput,
445 2201 559 2277 obviis
574 2200 665 2277 ulter
677 2223 718 2276 ec
732 2187 903 2277 demedio
915 2202 1065 2298 sumptis
1078 2199 1282 2283 delectetur.

268 2333 369 2406 Prior
397 2329 574 2418 nimirum,
595 2348 673 2423 qum
697 2349 721 2398 a
747 2326 925 2399 communi
949 2349 1017 2400 ueu
1046 2325 1227 2399 homiuum
1244 2333 1286 2431 et

270 2451 516 2531 consuetudine
533 2448 713 2542 recedunt,
747 2449 947 2548 hyperbolis
971 2450 1069 2527 abuti
1086 2449 1193 2541 uolet,
1226 2447 1284 2524 hic

268 2583 397 2681 figurae
414 2577 690 2676 simplicissimae
713 2577 949 2673 consequitur.
971 2580 1190 2674 Quapropter
1207 2598 1285 2673 poe·

269 2706 406 2781 terioris
422 2705 458 2781 iu
476 2700 638 2800 operibus
656 2699 838 2776 elaborare
848 2701 1010 2775 omnibus
1026 2714 1061 2775 et
1074 2700 1285 2801 jucundiani·

269 2852 380 2904 mum,
393 2839 430 2902 et
452 2823 749 2924 expeditissimum
772 2836 845 2914 eet,
871 2836 992 2922 utpote
1026 2849 1105 2923 qum
1130 2828 1286 2903 oriantur

271 2953 463 3051 eringeuio
483 2947 609 3024 natum
623 2957 808 3045 prompto3
829 2946 982 3023 illeroro
999 2946 1286 3025 difficilis-admo

272 3078 358 3153 dum
368 3077 478 3168 editu,
491 3075 622 3173 quippe
634 3072 697 3170 qui
712 3072 874 3147 torrentis
888 3070 1018 3170 lragoei
1032 3071 1159 3148 similia
1176 3075 1236 3149 ait.

321 3203 581 3287 Verumtamen,
602 3196 722 3271 Africa
738 3219 816 3294 qum
830 3195 1021 3292 saepissime
1031 3219 1163 3295 ¹magro
1179 3197 1287 3273 marie

273 3324 405 3421 impetu
434 3321 605 3420 pulsatur,
632 3327 731 3419 eujus
759 3319 876 3393 littora
907 3318 1107 3393 ioedieeimiu
1136 3342 1289 3395 commo·

124 3512 127 3517 .
271 3459 398 3520 rentur
414 3444 700 3541 tempestatibus,
729 3465 806 3539 qum
826 3439 899 3515 sole
919 3440 1033 3514 ferret
1053 3440 1173 3540 igneo,
1192 3453 1229 3519 et
1242 3439 1288 3517 ad

273 3571 443 3646 acerrima
459 3591 653 3665 sonoraque
677 3567 783 3640 rerba
807 3577 843 3638 et
870 3561 915 3638 ad
937 3564 1106 3662 imagines
1130 3565 1288 3643 tristiasi-

273 3718 351 3770 mae
378 3718 422 3768 uc
439 3691 761 3768 vehementissimus
784 3689 921 3763 animm
939 3688 1074 3780 incitat,
1097 3688 1285 3786 compellit,

277 3821 378 3917 repit.
403 3823 521 3915 ltaque
537 3816 731 3914 Cyprianus
747 3815 784 3889 iu
800 3813 872 3886 oris
886 3811 956 3885 illie
973 3824 1128 3887 uersatus
1148 3814 1183 3887 iu
1200 3837 1289 3910 quea

277 3969 354 4020 aesc
368 3945 519 4018 maximo
538 3966 621 4017 cum
635 3939 749 4014 souitu
766 3938 890 4013 fluctuo
901 3937 1021 4029 illidit,
1036 3937 1242 4038 quaudoque
1255 3951 1291 4014 et

136 4062 139 4067 ’
276 4069 351 4166 ipse
381 4091 460 4140 cum
492 4067 636 4164 strepitu
661 4062 763 4152 dicit,
787 4086 968 4161 rerumque
993 4061 1144 4136 colorem
1160 4062 1291 4136 inducit
