3300 5272
323 490 389 564 ild
625 512 765 564 emerent
790 512 1011 573 encnmrnoos

318 638 553 713 membrorum
561 650 676 736 pentes
688 640 846 737 contagio
860 638 1027 713 morbidus
1041 637 1230 736 putredinis
1244 660 1318 711 am·

318 772 494 859 putentur,
525 760 617 859 quod
648 785 721 859 per.
731 768 885 861 jacturas
919 774 953 835 et
982 760 1108 835 demna
1135 784 1319 859 corporum

317 896 563 982 prorumpente
592 884 752 983 languore
768 884 823 958 vel
849 883 1047 959 debilitatur
1067 886 1244 976 incessus,
1264 882 1319 957 vel

317 1007 454 1082 unditus
475 1007 644 1099 obruitur,
665 1009 719 1083 vel
737 990 887 1083 cecatur
904 1009 1085 1109 adspectus
1103 1020 1130 1082 ¹.
1154 1040 1173 1078 a

365 1133 454 1204 Suos
484 1133 589 1230 igitur
619 1132 815 1228 solaturus,
851 1134 971 1208 eadem
1006 1146 1042 1208 et
1069 1132 1264 1208 christianis
1285 1143 1320 1203 et

319 1252 464 1327 ethnicis
476 1255 671 1352 pestilentia
682 1257 832 1351 allectis,
841 1257 965 1331 alteros
976 1257 1114 1355 quidem
1127 1257 1320 1330 divinarum

318 1397 434 1451 rernm
450 1378 591 1453 orbatos
608 1380 737 1453 auxilio
765 1382 801 1454 in
825 1381 1097 1479 desperationem
1122 1379 1246 1453 edduci
1270 1379 1320 1451 in·

318 1499 423 1591 dicat,
440 1501 566 1575 alteros
583 1526 664 1577 vero
686 1527 747 1601 spo
766 1504 960 1578 futurorum
979 1503 1120 1578 allectos
1132 1503 1216 1577 dicit
1233 1526 1319 1576 nun·

317 1649 423 1725 mam
438 1638 585 1701 mortem
603 1626 756 1701 horrere.
778 1626 909 1701 Deinde
920 1638 960 1701 ut
972 1646 1095 1701 aurum
1113 1628 1191 1725 igne
1207 1626 1318 1698 virum
1356 1630 1366 1645 “

317 1739 409 1825 malo
439 1752 587 1849 spectari
618 1751 837 1849 comprobat3
858 1775 900 1825 ex
925 1774 1016 1848 quo,
1037 1763 1115 1823 ente
1137 1749 1319 1822 discrimen

321 1875 467 1968 feroces,
486 1876 523 1947 in
543 1874 695 1973 periculo
712 1875 828 1972 pavidi
844 1875 1028 1949 videntur:
1049 1906 1063 1938 α
1087 1873 1320 1970 Delicetejac·

319 1999 404 2071 tatio
422 2010 488 2091 est,
510 2022 591 2073 cum
605 1997 798 2097 periculum
819 2021 887 2071 non
907 2012 960 2071 est
976 2000 1004 2072 ².
1028 2030 1042 2064 ι
1074 1997 1173 2088 Quod
1180 2004 1258 2095 jure
1278 2019 1320 2068 ac

322 2123 445 2196 merito
474 2123 615 2195 Senccae
641 2122 717 2194 illos
740 2144 859 2195 uersus
895 2123 930 2193 in
954 2124 1156 2196 memorium
1192 2121 1319 2194 Baluzii

318 2258 485 2321 revocat:

421 2435 571 2502 0tumide,
584 2450 678 2493 rerum
690 2432 758 2491 dum
772 2432 953 2491 secundarum
966 2440 1053 2492 status

421 2522 538 2582 Extollit
553 2522 672 2592 animm,
684 2520 793 2590 timide,
805 2537 870 2579 cum
881 2521 1016 2596 increpuit
1026 2527 1133 2581 memet

367 2703 576 2802 cyprianum
597 2700 947 2800 iisdem-imaginibus
978 2701 1104 2798 quibus
1125 2702 1232 2775 utitur
1260 2704 1320 2774 Se·

319 2850 415 2919 nece,
436 2828 487 2899 uti
508 2825 845 2900 animadvertendum
859 2839 933 2897 est:
952 2826 1084 2901 «Naris
1096 2825 1315 2923 gubernator,

318 2948 442 3045 inquit,
463 2949 500 3021 in
526 2960 729 3045 tempestate
755 2945 954 3039 dinoscitur,
975 2950 1010 3019 in
1026 2949 1100 3021 acie
1120 2947 1221 3021 miles
1241 2973 1321 3046 pro·

317 3070 440 3163 batur3
468 3082 503 3143 et
516 3069 620 3144 arbor
637 3093 716 3167 qum
738 3068 808 3142 alta
826 3069 943 3143 radice
958 3070 1103 3144 fundata
1125 3084 1191 3164 est,
1210 3070 1320 3145 ventis

316 3194 597 3269 incumbentibus
607 3216 678 3266 non
692 3205 849 3265 movetur
861 3187 889 3264 ³.
912 3225 1013 3259 s-s
1033 3193 1318 3284 Guhcmetorem,

317 3320 365 3391 ait
381 3322 525 3410 Seneca,
538 3319 575 3388 in
590 3327 791 3413 tempestate
810 3316 996 3415 intelligam
1016 3327 1051 3389 ct
1064 3341 1133 3391 non
1153 3329 1204 3389 est
1218 3316 1321 3390 arbor

319 3440 430 3515 solida
445 3464 509 3514 nec
534 3442 634 3513 fortis
651 3441 718 3513 nisi
736 3442 772 3513 in
799 3465 902 3539 quem
930 3443 1093 3540 frequens
1119 3453 1243 3514 ventus
1269 3442 1320 3513 in·

318 3576 455 3657 curset3
474 3565 550 3661 ipsa
563 3566 667 3637 etiam
678 3566 859 3639 vexatione
873 3568 1120 3664 constringitur
1136 3578 1170 3637 et
1188 3564 1319 3639 radices

319 3690 419 3763 altius
436 3687 512 3785 figit
533 3690 562 3757 ⁴.
591 3719 604 3753 ι
634 3687 703 3760 Sed
724 3700 759 3762 et
780 3702 875 3762 recta
905 3690 1040 3787 ingenie
1073 3700 1196 3786 sponte
1220 3689 1256 3762 in
1278 3710 1320 3759 ee

352 3905 375 3952 t.
393 3902 432 3951 De
444 3898 620 3959 Mortetttotc,
631 3912 655 3951 c.
667 3898 733 3953 lilii.

351 3991 376 4036 2.
394 3986 433 4035 Dc
443 3983 618 4039 Mortnlttatc.
630 3982 686 4037 Xll.

350 4068 445 4133 Md„
458 4067 523 4120 tbtd.

349 4156 374 4203 s.
393 4152 620 4219 neeromantia,
636 4153 676 4204 tv.
