3300 5272
318 468 322 479 .
344 403 385 476 18
748 421 926 476 rusulum.

336 553 522 631 riderentur
534 560 567 640 et
583 573 687 623 mores
708 563 740 621 et
756 556 913 641 homines,
933 557 1186 625 obscuraverunt
1203 564 1235 624 et
1256 566 1345 626 texe-

334 678 415 751 runt
443 669 539 771 velo..
554 669 670 737 Melius
693 671 835 756 prolecto
860 679 1048 741 meruerunt
1083 670 1124 739 de
1153 675 1252 741 sacris
1274 676 1344 762 qui,

314 785 611 869 ,Tillemoutorum
639 786 896 869 liuinnrtiornm,
922 788 1178 855 Cotellieriorum
1203 791 1347 875 vestigiis

333 901 505 980 instantem
532 908 738 971 monumenta
761 902 830 988 ipm
859 902 983 969 decenti
1008 903 1172 988 ductuque
1201 896 1347 991 disputa-

333 1014 416 1083 tioui
436 1014 583 1096 tradunt,
606 1022 705 1102 utque
728 1015 770 1082 ud
782 1016 880 1102 justae
891 1017 1034 1105 pondere
1052 1018 1143 1083 librae
1165 1019 1269 1085 solent
1283 1020 1346 1106 ipsi

260 1111 265 1117 ⁵
334 1143 473 1217 oeqrrare.

376 1247 443 1333 Ego
456 1265 545 1329 vero,
569 1248 597 1313 si
615 1245 704 1312 diem
725 1243 810 1313 obsit
832 1245 967 1342 invidio,
992 1245 1132 1331 dulciori
1151 1246 1274 1314 allicior
1289 1268 1346 1315 vo-

331 1361 467 1451 luptute,
480 1382 555 1431 cum
573 1365 654 1431 mihi
671 1381 881 1451 quecumque
902 1362 1036 1443 sincera,
1057 1382 1268 1451 quecumque
1284 1385 1344 1432 na-

227 1557 233 1572 ·
330 1478 411 1559 tire,
423 1496 634 1563 quoecumque
645 1479 751 1564 prisca
759 1485 850 1561 suut,
860 1478 982 1544 cuano
997 1478 1072 1543 licet
1080 1477 1190 1562 fragili
1201 1490 1341 1559 exoratu,

330 1601 469 1667 boemie
489 1593 602 1671 dutum,
616 1595 824 1661 Potissimum
846 1594 875 1659 si
897 1581 947 1659 iis
975 1612 1047 1678 quse
1070 1594 1345 1679 probutEcclesia

322 1707 541 1799 *delectabitur
558 1728 650 1775 meus
671 1709 857 1793 christiana,
885 1727 957 1794 quae
972 1716 1081 1775 tumen
1096 1710 1197 1774 amris
1215 1729 1344 1777 suaeve·

330 1844 401 1893 ram
419 1824 541 1893 hubent
565 1833 688 1903 notum,
715 1844 791 1891 eum
820 1825 915 1891 ctiam
947 1826 1104 1890 minorem
1134 1824 1231 1890 iidem
1260 1827 1345 1894 obti-

330 1941 548 2035 pertubari
572 1958 697 2025 semper
716 1941 835 2007 affectu
859 1948 1006 2006 recreant
1024 1941 1178 2006 animum.
1204 1940 1345 2027 Ideoque

329 2074 382 2133 mc
401 2056 560 2141 imprimis
578 2055 741 2140 inmutet
759 2056 967 2122 tlabillouius
985 2057 1044 2141 qui
1065 2054 1343 2123 Benedictinornm

331 2189 467 2243 suorum
495 2179 602 2239 sancte
631 2179 721 2255 gestu
741 2172 944 2258 conscripsit,
974 2178 1007 2235 et
1031 2171 1220 2236 liuinurtius
1253 2171 1344 2254 cujus

330 2276 428 2362 opere¹
451 2288 632 2362 martyrum
654 2283 724 2342 actu
743 2275 875 2341 collecta
895 2276 1040 2358 fuorunt,
1058 2284 1091 2341 et
1104 2277 1190 2342 inter
1210 2277 1283 2342 illos
1297 2278 1343 2343 fa·

330 2382 447 2475 cillimc
471 2382 621 2470 princeps
649 2381 808 2448 Johunncs
834 2381 1009 2447 Bollaudus
1030 2399 1104 2447 cum
1121 2381 1344 2463 eruditissimis

327 2477 399 2575 'ejus
414 2482 659 2556 'successorum
682 2488 741 2573 qui
757 2488 886 2574 potiora
906 2487 1097 2553 documenta
1120 2507 1160 2554 er
1187 2489 1265 2574 ipsis
1286 2507 1344 2555 sae-

329 2588 461 2680 pissime
483 2595 672 2682 primigenis
695 2593 861 2661 codicibus
881 2593 1075 2659 verbotenus
1090 2599 1187 2678 utque
1204 2592 1344 2659 udlitte-

330 2702 399 2767 ium
417 2708 584 2769 eruerunt.
615 2700 740 2782 Quibus
766 2717 842 2765 sune
864 2699 948 2763 nibss
972 2699 1036 2765 luit
1059 2700 1224 2784 antiquius
1244 2716 1343 2783 quum

223 2847 227 2856 -
329 2822 422 2872 voces
449 2806 679 2872 vetustissimus
704 2806 789 2890 ipsus
814 2813 846 2870 et
870 2805 1030 2870 barbariae
1055 2806 1188 2872 infectas
1212 2805 1297 2890 lube,
1323 2827 1343 2871 o

330 2921 528 3007 primoribus
564 2920 684 2988 chartis
712 2940 787 2987 suos
819 2923 855 2986 in
891 2919 995 2986 libros
1025 2922 1217 3005 transserre3
1246 2931 1343 3007 utque

330 3035 448 3122 etium,
480 3033 751 3120 quandocumque
789 3041 987 3122 potuerunt,
1020 3053 1133 3119 nqueo,
1180 3054 1252 3122 quae
1281 3051 1344 3122 pu·

330 3142 432 3210 riores
453 3142 570 3224 forent,
591 3160 610 3206 c
628 3141 772 3206 fontibus
784 3141 993 3229 propioribus
1015 3142 1201 3224 hauserunt,
1224 3143 1342 3209 nedum

329 3268 396 3334 quo
411 3248 546 3334 politior
561 3257 592 3314 et
605 3247 875 3314 accommodatior
888 3248 968 3335 ipsis
980 3266 1086 3316 sermo
1100 3246 1265 3316 videretur
1278 3252 1341 3315 mi-

330 3365 416 3429 uimu
429 3362 599 3429 loedurcnt.
622 3364 769 3448 legentis
793 3372 843 3430 cst
865 3362 1023 3450 judicium
1038 3369 1071 3427 ct
1092 3381 1239 3446 censure,
1253 3363 1343 3430 fruc-

329 3486 383 3543 tus
398 3486 431 3544 et
441 3473 723 3544 oblectamentum.

372 3596 523 3659 Attamen
536 3611 609 3657 cum
626 3593 782 3658 Simeonis
799 3593 991 3676 cognomine
1015 3594 1250 3678 Metapbrustae‚
1270 3601 1341 3660 turn

327 3706 469 3774 lceobia
484 3708 655 3792 voragine,
667 3713 739 3773 tum
753 3706 978 3790 mundonem,
1000 3715 1070 3773 tum
1083 3708 1209 3794 Aloysii
1221 3707 1342 3795 Lippo-

327 3821 435 3904 muni,
456 3829 531 3890 tum
552 3823 713 3909 praecipue
739 3823 920 3889 carminum
933 3821 1039 3889 media
1067 3823 1161 3892 etate
1180 3822 1341 3892 coniecto-

311 3954 415 4019 ,ι’ῑιω,
428 3945 500 4007 tum
511 3937 732 4024 jucundorum
746 3937 879 4004 illorum
893 3935 1126 4022 opusculorum
1146 3955 1221 4022 qum
1242 3938 1341 4024 rulpo

328 4053 456 4135 lepaeadu
479 4062 712 4139 nuncupantur
736 4052 862 4119 codices
886 4072 961 4119 cum
980 4053 1114 4120 sinceris
1135 4060 1235 4138 atque
1255 4055 1340 4119 anti·
