3300 5272
538 392 687 451 ttttttttt
717 391 886 451 rttttttt
916 391 1026 450 xctx.
1288 401 1339 452 191

227 545 373 633 pervium
396 565 463 608 esse
487 543 672 609 hominibus
694 544 827 609 leonum
852 567 1013 620 amorem,
1041 545 1252 609 hominumve
1274 545 1344 610 leo·

228 668 333 731 nibus.

271 791 376 855 Nocet
388 790 505 854 inscius
520 790 589 878 ipse
608 791 684 873 sibi,
701 792 765 879 qui.
778 814 889 857 corum
911 790 980 856 fieri
994 790 1154 880 particeps
1170 793 1259 880 cupit
1272 814 1342 879 quoe

228 909 357 997 negavit
369 925 490 974 natura.

719 1376 844 1444 XCIX.

578 1639 721 1699 LUPUS
751 1639 807 1698 Et·
838 1640 979 1701 CAle.

270 2004 364 2067 Canis
377 2004 506 2092 pinguis
519 2000 612 2066 valde
628 2003 705 2089 lupo
718 2000 804 2064 sorte
820 2004 966 2066 occurrit.

270 2129 481 2216 Interrogavit
493 2128 546 2192 hic
564 2126 672 2207 illurn,
697 2126 754 2189 ubi
767 2126 831 2190 loci
843 2129 993 2209 nutritus,
1010 2150 1145 2217 magnus
1158 2127 1239 2194 adeo
1253 2129 1341 2193 canis

226 2253 360 2315 evaserit
374 2268 405 2316 et
418 2268 523 2315 tentus
539 2247 746 2340 pinguedine.

210 2448 213 2454 Ι
268 2375 403 2438 «Homo
416 2405 429 2430 ν
446 2374 552 2461 inquit
564 2373 669 2452 canis,
695 2398 708 2430 ο
725 2370 830 2433 lautus
848 2393 899 2434 me
913 2371 1073 2459 saginat».
1180 2455 1184 2463 ¹

269 2530 281 2554 a
296 2502 338 2564 At
348 2514 440 2562 tuum
454 2499 511 2562 tibi
526 2498 647 2562 collum
661 2528 673 2552 n
690 2496 735 2558 ait
748 2495 838 2574 alter,
857 2525 870 2549 «ι
882 2517 939 2564 cur
950 2496 991 2558 ita
1006 2494 1137 2560 canduit
1149 2497 1183 2560 »P

269 2621 415 2685 «Collari
448 2644 524 2686 caro
558 2620 674 2684 detrita
708 2617 814 2681 ferreo
855 2617 932 2700 fuit,
967 2617 1054 2707 quod
1090 2620 1230 2683 nutritor
1259 2619 1341 2683 mihi

223 2775 236 2800 α
250 2744 483 2834 circumligavit
495 2759 562 2808 arte
574 2763 746 2831 procusum
760 2773 785 2802 ι.

268 2868 318 2932 Ad
331 2871 395 2933 hoc
418 2870 452 2932 in
471 2867 646 2933 cachinnos
664 2867 788 2934 effusus
802 2869 898 2958 lupus
910 2899 923 2924 ι
936 2869 1022 2957 Ergo
1039 2889 1100 2957 ego
1118 2867 1224 2931 valere
1237 2868 1339 2952 jubeo

224 2993 364 3057 «cibos»
378 2991 438 3074 ait,
454 2993 627 3081 uopiparos
642 2991 731 3074 illos,
748 3016 827 3081 quos
840 3006 974 3082 propter
986 2992 1104 3057 sermm
1122 2991 1202 3055 mihi
1216 2989 1340 3056 deteret

224 3115 368 3180 «collum
384 3145 406 3179 n.

267 3375 366 3457 Quod
380 3391 473 3464 turpe
492 3378 533 3440 sit
547 3399 583 3440 ac
597 3377 790 3464 probrosum
810 3399 914 3464 parvae
930 3377 1029 3464 gratia
1048 3376 1221 3463 voluptatis
1240 3374 1336 3438 vitatu

223 3500 327 3564 vivere
346 3500 513 3579 servilem3
527 3499 625 3588 idquc
637 3499 823 3590 fugiendum
839 3522 907 3563 esse
925 3515 1038 3562 monet
1053 3498 1178 3563 fabula.

255 3923 290 3966 10.
306 3915 397 3966 rabula
413 3916 501 3967 conato
512 3930 518 3965 :
530 3914 598 3978 Ἐμοὶ
609 3917 672 3978 φίλος
686 3915 751 3978 λιμὸς
837 3919 864 3964 tn
883 3914 1065 3977 ambulatione,
1090 3923 1119 3977 Α,
1143 3913 1183 3963 τὸν
1206 3917 1299 3979 μικρᾷς.
1309 3948 1330 3960 ..

221 3997 377 4060 γὰρὴκλοιοῦ
388 3997 465 4061 βάρος.
476 3995 547 4059 Quod
566 3994 750 4059 etipserepert.
804 3995 873 4052 ζωήν.
895 3997 1040 4044 correxerat
1057 3994 1123 4052 ζώειν
1143 3993 1181 4042 vir
1199 3993 1224 4044 tl.
1242 4007 1335 4057 anony-

221 4077 318 4137 reperit
336 4074 485 4135 Knochiotn
499 4077 593 4126 κολοιοῦ
611 4075 687 4142 κόρος,
707 4087 751 4138 pro
804 4086 867 4123 mus.
889 4073 936 4124 scd
957 4086 1036 4137 neque
1056 4073 1091 4123 stc
1109 4077 1218 4123 correcto
1236 4073 1336 4124 omnino

221 4166 270 4216 qno
288 4152 348 4203 benc
365 4153 427 4202 vidit
440 4166 495 4204 csso
510 4155 590 4204 κλοιοῦ
609 4154 750 4217 legendum
804 4153 940 4214 sententia,
959 4167 1015 4216 quae
1036 4154 1158 4217 postutare
1177 4152 1287 4214 videtur,
1306 4155 1334 4203 τὸ

221 4231 263 4282 sod
276 4232 636 4297 haesitint‚tmmer·lto,quum
650 4237 709 4285 noto
719 4234 752 4284 tit
804 4249 822 4293 μ
823 4265 961 4283 .........
982 4232 1058 4296 toro,
1078 4233 1333 4297 φινκτίοντιὸμῦθοι

220 4312 423 4399 οᾶνοτὴίἰμᾷλλον
431 4314 527 4379 alliodo.
803 4317 919 4378 παραινεῖ.
