3300 5272
392 492 457 567 108
689 501 833 553 crrnnm
858 501 1077 561 uccensmoun

384 642 570 739 semetipso
594 631 777 733 significat.
804 630 893 704 Hinc
919 630 1015 703 Felix
1040 628 1220 729 presbyter
1244 640 1386 732 ejusque

381 771 504 867 conjux
526 758 688 847 Victoria,
715 768 749 831 et
774 755 898 828 Lucius
919 754 980 852 qui
999 754 1175 828 confiscati
1195 769 1304 849 erant,
1332 771 1384 831 at·

380 914 448 991 quo
464 892 559 963 Bona
584 881 709 956 mulier
731 911 744 943 ι
767 901 845 975 quae
859 890 970 951 tracta
991 892 1043 951 est
1077 902 1099 950 a
1126 881 1250 954 marito
1267 880 1311 954 ad
1333 907 1386 956 sa·

379 1008 615 1097 criticaudum,
629 1002 929 1104 quaeconscientia
943 1025 1011 1075 non
1028 1004 1213 1097 commisit,
1226 1003 1286 1077 sed
1302 1007 1385 1102 quia

379 1148 529 1215 tenentes
556 1152 682 1203 manus
708 1133 781 1224 ejus
812 1124 1104 1218 sacrificaverunt,
1139 1129 1244 1225 eoepit
1270 1128 1383 1203 dicere

376 1274 518 1339 murra:
536 1257 614 1329 Non
639 1250 720 1341 leci,
746 1272 808 1322 ros
834 1247 966 1322 fecistis
998 1281 1029 1342 r,
1061 1274 1179 1323 omnes
1202 1266 1237 1325 et
1261 1254 1382 1326 exsilio

376 1386 487 1489 putria
511 1376 597 1478 pulsi
623 1387 658 1447 ct
683 1372 784 1446 bonis
806 1372 955 1470 spoliati,
973 1374 1134 1469 Cypriani
1160 1376 1380 1474 Caldoniique

374 1504 538 1587 sententia
561 1498 704 1599 pristina
725 1503 804 1593 jura
826 1499 1107 1593 recuperarunt⁴·
1139 1500 1299 1574 Attamen
1315 1502 1381 1575 Lu-

374 1637 471 1711 cieno
488 1633 629 1725 ejusque
644 1620 871 1695 sectatoribus
882 1622 1094 1720 urgentibus,
1115 1621 1158 1695 ad
1173 1625 1379 1721 cyprianum

373 1758 446 1833 hmo
465 1748 673 1845 scripserant
690 1742 929 1816 confessores:
954 1774 967 1807 a
987 1747 1142 1819 Universi
1164 1745 1377 1822 confessores

371 1875 541 1979 cypriano
551 1889 650 1965 papae
665 1863 822 1937 salutem.
833 1865 929 1937 Scias
939 1890 1002 1938 nos
1013 1869 1181 1942 universis
1192 1867 1235 1943 de
1250 1871 1376 1968 quibus

370 1998 458 2103 apud
483 2006 517 2068 te
537 1991 625 2064 ratio
643 1988 836 2060 constiterit
853 1987 937 2086 quid
959 2005 1036 2087 post
1054 1994 1279 2068 commissum
1300 2019 1378 2095 egc-

368 2128 450 2213 rint,
468 2115 601 2191 dedisse
618 2134 755 2208 pacem,
778 2124 812 2185 et
828 2111 919 2185 hanc
938 2114 1087 2187 formam
1108 2141 1170 2214 per
1190 2129 1223 2190 te
1240 2131 1275 2191 et
1295 2119 1371 2193 aliis

368 2241 536 2347 episcopis
566 2238 776 2308 innotescere
807 2236 975 2311 voluimus
1005 2264 1013 2306 ε
1039 2251 1197 2335 optamus
1228 2253 1262 2317 te
1293 2267 1374 2316 cum

367 2367 496 2445 sanctis
510 2357 720 2457 martyribus
738 2382 858 2455 pacem
879 2360 1018 2435 habere.
1034 2364 1203 2438 Praesente
1219 2365 1261 2439 de
1280 2366 1373 2440 clero

366 2506 401 2569 et
424 2487 594 2564 exorcista
619 2494 653 2554 et
678 2480 816 2573 lectore,
851 2484 1020 2558 Lucienus
1051 2487 1225 2585 scripsit².
1253 2492 1371 2563 »Cum

365 2635 445 2688 vero
464 2620 656 2704 martyrum
678 2607 884 2699 libellorum,
906 2622 984 2682 ante
1001 2631 1138 2706 pacem,
1165 2612 1296 2685 nullam
1315 2637 1371 2686 ra·

365 2739 491 2813 tionem
524 2728 718 2804 habendam
749 2754 824 2805 esso
860 2731 1045 2806 indicasset
1082 2734 1371 2833 Carthaginiensis

365 2859 561 2958 episcopus,
578 2853 781 2927 inEcclesia
794 2854 930 2928 turbata
942 2869 1023 2930 sunt
1031 2859 1159 2931 omnia.
1172 2860 1262 2931 Civis
1277 2861 1368 2934 enim

362 2973 838 3073 unuseCarthaginionsibus,
853 2976 977 3073 opibus
985 2989 1191 3074 praepotens,
1208 2981 1368 3054 christia·

361 3124 440 3193 nus,
453 3095 515 3172 sed
532 3099 667 3196 magnis
684 3099 777 3172 vitiis
787 3099 960 3190 laborans,
971 3100 1365 3195 Felicissimusnomine‚

361 3247 442 3299 cum
454 3223 645 3320 Cyprianus
657 3219 858 3320 quosdame
875 3223 966 3296 clero
979 3225 1131 3298 misisset
1144 3226 1203 3322 qui
1219 3227 1367 3302 fratrum

361 3368 468 3420 mauu
478 3345 630 3442 inopiam
637 3345 803 3438 levarent,
822 3345 1063 3422 seditiosorum
1073 3348 1252 3423 hominum
1261 3349 1369 3424 choro

361 3468 1363 3569 stipatusomnesamunere,subsidioegestatis,prohibuit.

359 3592 428 3681 Qui
438 3611 623 3686 omnesque
638 3596 710 3688 ejus
723 3591 1039 3667 lautoresinmonto
1049 3595 1190 3694 recepti,
1210 3595 1366 3670 undaro·

358 3715 426 3788 cati
440 3724 521 3786 sunt
532 3725 724 3803 montenses,
743 3716 780 3788 in
797 3717 999 3815 episcopum
1016 3723 1251 3817 conjurarunt.
1274 3722 1365 3793 Inter

357 3861 417 3912 eos
447 3837 667 3932 potissimum
688 3836 904 3913 habebantur
938 3840 1140 3938 lugendus,
1175 3845 1364 3939 Repostus,
1413 3932 1417 3941 ,
1484 3915 1489 3921 .

391 4052 413 4098 r.
431 4047 517 4113 ερατ.
528 4016 643 4100 dunat
654 4047 721 4102 xm.

388 4137 410 4182 2.
428 4131 512 4194 uput.
522 4128 586 4183 XVI.
