<?xml version="1.0" encoding="UTF-8"?>
<!DOCTYPE html PUBLIC "-//W3C//DTD XHTML 1.0 Transitional//EN"
    "http://www.w3.org/TR/xhtml1/DTD/xhtml1-transitional.dtd">
<html xmlns="http://www.w3.org/1999/xhtml" xml:lang="en" lang="en">
 <head>
  <title>
</title>
<meta http-equiv="Content-Type" content="text/html;charset=utf-8" />
  <meta name='ocr-system' content='tesseract 3.04.00' />
  <meta name='ocr-capabilities' content='ocr_page ocr_carea ocr_par ocr_line ocrx_word'/>
</head>
<body>
  <div class='ocr_page' id='page_1' title='image "./desanctocyprian00blamgoog_0235.png"; bbox 0 0 3300 5272; ppageno 0'>
   <div class='ocr_carea' id='block_1_1' title="bbox 547 421 1338 486">
    <p class='ocr_par' dir='ltr' id='par_1_1' title="bbox 547 421 1338 486">
     <span class='ocr_line' id='line_1_1' title="bbox 547 421 1338 486; baseline 0.01 -8"><span class='ocrx_word' id='word_1_1' title='bbox 547 421 695 482; x_wconf 74' lang='lat' dir='ltr'>sinnii</span> <span class='ocrx_word' id='word_1_2' title='bbox 726 422 891 483; x_wconf 64' lang='lat' dir='ltr'>instita</span> <span class='ocrx_word' id='word_1_3' title='bbox 924 424 1004 482; x_wconf 77' lang='lat' dir='ltr'>(lvi.</span> <span class='ocrx_word' id='word_1_4' title='bbox 1282 435 1338 486; x_wconf 78' lang='lat'>205</span> 
     </span>
    </p>
   </div>
   <div class='ocr_carea' id='block_1_2' title="bbox 221 583 1346 1813">
    <p class='ocr_par' dir='ltr' id='par_1_2' title="bbox 221 583 1344 817">
     <span class='ocr_line' id='line_1_2' title="bbox 221 583 1344 678; baseline 0.007 -30"><span class='ocrx_word' id='word_1_5' title='bbox 221 585 342 648; x_wconf 90' lang='lat' dir='ltr'>nonde</span> <span class='ocrx_word' id='word_1_6' title='bbox 358 583 453 649; x_wconf 89' lang='lat' dir='ltr'>solito</span> <span class='ocrx_word' id='word_1_7' title='bbox 470 600 568 649; x_wconf 89' lang='lat' dir='ltr'>notus</span> <span class='ocrx_word' id='word_1_8' title='bbox 583 584 748 669; x_wconf 88' lang='lat' dir='ltr'>sodalitio,</span> <span class='ocrx_word' id='word_1_9' title='bbox 767 586 813 650; x_wconf 93' lang='lat' dir='ltr'>illi</span> <span class='ocrx_word' id='word_1_10' title='bbox 828 588 947 676; x_wconf 87' lang='lat' dir='ltr'>pariter</span> <span class='ocrx_word' id='word_1_11' title='bbox 961 603 1055 676; x_wconf 88' lang='lat' dir='ltr'>atque</span> <span class='ocrx_word' id='word_1_12' title='bbox 1065 588 1146 653; x_wconf 89' lang='lat' dir='ltr'>hero</span> <span class='ocrx_word' id='word_1_13' title='bbox 1160 592 1344 678; x_wconf 87' lang='lat' dir='ltr'>apponebat</span> 
     </span>
     <span class='ocr_line' id='line_1_3' title="bbox 223 727 796 817; baseline 0.005 -27"><span class='ocrx_word' id='word_1_14' title='bbox 223 727 308 815; x_wconf 92' lang='lat' dir='ltr'>quod</span> <span class='ocrx_word' id='word_1_15' title='bbox 323 728 444 792; x_wconf 85' lang='lat' dir='ltr'>recenti</span> <span class='ocrx_word' id='word_1_16' title='bbox 458 745 587 817; x_wconf 86' lang='lat' dir='ltr'>ceperat</span> <span class='ocrx_word' id='word_1_17' title='bbox 602 745 718 799; x_wconf 85' lang='lat' dir='ltr'>venatu</span> <span class='ocrx_word' id='word_1_18' title='bbox 734 729 796 793; x_wconf 90' lang='lat' dir='ltr'>leo.</span> 
     </span>
    </p>

    <p class='ocr_par' dir='ltr' id='par_1_3' title="bbox 267 869 1341 962">
     <span class='ocr_line' id='line_1_4' title="bbox 267 869 1341 962; baseline 0.007 -30"><span class='ocrx_word' id='word_1_19' title='bbox 267 873 326 934; x_wconf 87' lang='lat' dir='ltr'>Ast</span> <span class='ocrx_word' id='word_1_20' title='bbox 336 869 446 959; x_wconf 88' lang='lat' dir='ltr'>vulpes</span> <span class='ocrx_word' id='word_1_21' title='bbox 457 888 579 959; x_wconf 77' lang='lat' dir='ltr'>partein</span> <span class='ocrx_word' id='word_1_22' title='bbox 592 871 814 936; x_wconf 88' lang='lat' dir='ltr'>hesternorum</span> <span class='ocrx_word' id='word_1_23' title='bbox 828 871 952 937; x_wconf 83' lang='lat' dir='ltr'>ferebat</span> <span class='ocrx_word' id='word_1_24' title='bbox 966 873 1124 954; x_wconf 88' lang='lat' dir='ltr'>ciborum,</span> <span class='ocrx_word' id='word_1_25' title='bbox 1137 896 1196 937; x_wconf 91' lang='lat' dir='ltr'>nec</span> <span class='ocrx_word' id='word_1_26' title='bbox 1209 897 1341 962; x_wconf 82' lang='lat' dir='ltr'>aequam.</span> 
     </span>
    </p>

    <p class='ocr_par' dir='ltr' id='par_1_4' title="bbox 223 1011 1346 1530">
     <span class='ocr_line' id='line_1_5' title="bbox 268 1011 1344 1102; baseline 0 -26"><span class='ocrx_word' id='word_1_27' title='bbox 268 1015 309 1076; x_wconf 88' lang='lat' dir='ltr'>Et</span> <span class='ocrx_word' id='word_1_28' title='bbox 323 1037 401 1077; x_wconf 87' lang='lat' dir='ltr'>vero</span> <span class='ocrx_word' id='word_1_29' title='bbox 419 1011 558 1101; x_wconf 90' lang='lat' dir='ltr'>quadam</span> <span class='ocrx_word' id='word_1_30' title='bbox 573 1013 642 1096; x_wconf 84' lang='lat' dir='ltr'>die&#39;,</span> <span class='ocrx_word' id='word_1_31' title='bbox 658 1038 757 1102; x_wconf 89' lang='lat' dir='ltr'>quum</span> <span class='ocrx_word' id='word_1_32' title='bbox 774 1029 896 1079; x_wconf 90' lang='lat' dir='ltr'>taceret</span> <span class='ocrx_word' id='word_1_33' title='bbox 908 1013 1070 1093; x_wconf 87' lang='lat' dir='ltr'>simulate,</span> <span class='ocrx_word' id='word_1_34' title='bbox 1090 1011 1142 1076; x_wconf 89' lang='lat' dir='ltr'>leo</span> <span class='ocrx_word' id='word_1_35' title='bbox 1163 1012 1251 1077; x_wconf 88' lang='lat' dir='ltr'>illarn</span> <span class='ocrx_word' id='word_1_36' title='bbox 1266 1013 1344 1101; x_wconf 92' lang='lat' dir='ltr'>quid</span> 
     </span>
     <span class='ocr_line' id='line_1_6' title="bbox 223 1155 1346 1244; baseline 0.001 -26"><span class='ocrx_word' id='word_1_37' title='bbox 223 1155 358 1219; x_wconf 90' lang='lat' dir='ltr'>haberet</span> <span class='ocrx_word' id='word_1_38' title='bbox 373 1178 475 1219; x_wconf 83' lang='lat' dir='ltr'>causae</span> <span class='ocrx_word' id='word_1_39' title='bbox 490 1158 640 1244; x_wconf 84' lang='lat' dir='ltr'>rogabat,</span> <span class='ocrx_word' id='word_1_40' title='bbox 666 1180 724 1221; x_wconf 91' lang='lat' dir='ltr'>cur</span> <span class='ocrx_word' id='word_1_41' title='bbox 749 1181 767 1221; x_wconf 89' lang='lat' dir='ltr'>a</span> <span class='ocrx_word' id='word_1_42' title='bbox 791 1157 917 1220; x_wconf 89' lang='lat' dir='ltr'>coenula</span> <span class='ocrx_word' id='word_1_43' title='bbox 933 1178 1064 1220; x_wconf 86' lang='lat' dir='ltr'>manum</span> <span class='ocrx_word' id='word_1_44' title='bbox 1081 1172 1111 1220; x_wconf 89' lang='lat' dir='ltr'>et</span> <span class='ocrx_word' id='word_1_45' title='bbox 1133 1155 1262 1219; x_wconf 84' lang='lat' dir='ltr'>ferculis</span> <span class='ocrx_word' id='word_1_46' title='bbox 1274 1156 1346 1219; x_wconf 90' lang='lat' dir='ltr'>abs·</span> 
     </span>
     <span class='ocr_line' id='line_1_7' title="bbox 224 1297 1345 1387; baseline 0.003 -29"><span class='ocrx_word' id='word_1_47' title='bbox 224 1298 340 1362; x_wconf 89' lang='lat' dir='ltr'>tineret</span> <span class='ocrx_word' id='word_1_48' title='bbox 359 1319 367 1361; x_wconf 90' lang='lat'>:</span> <span class='ocrx_word' id='word_1_49' title='bbox 389 1297 553 1386; x_wconf 73' lang='lat' dir='ltr'>«Sapiens</span> <span class='ocrx_word' id='word_1_50' title='bbox 571 1298 756 1387; x_wconf 78' lang='lat' dir='ltr'>vulpecula,</span> <span class='ocrx_word' id='word_1_51' title='bbox 783 1298 920 1386; x_wconf 82' lang='lat' dir='ltr'>loquere</span> <span class='ocrx_word' id='word_1_52' title='bbox 940 1315 975 1362; x_wconf 87' lang='lat' dir='ltr'>ut</span> <span class='ocrx_word' id='word_1_53' title='bbox 996 1321 1030 1363; x_wconf 91' lang='lat' dir='ltr'>es</span> <span class='ocrx_word' id='word_1_54' title='bbox 1053 1299 1165 1380; x_wconf 85' lang='lat' dir='ltr'>solita-3</span> <span class='ocrx_word' id='word_1_55' title='bbox 1190 1297 1345 1386; x_wconf 87' lang='lat' dir='ltr'>vultuque</span> 
     </span>
     <span class='ocr_line' id='line_1_8' title="bbox 225 1439 795 1530; baseline 0.011 -29"><span class='ocrx_word' id='word_1_56' title='bbox 225 1439 348 1503; x_wconf 76' lang='lat' dir='ltr'>«hilari</span> <span class='ocrx_word' id='word_1_57' title='bbox 363 1441 637 1530; x_wconf 83' lang='lat' dir='ltr'>epulum-tangas,</span> <span class='ocrx_word' id='word_1_58' title='bbox 656 1443 757 1507; x_wconf 77' lang='lat' dir='ltr'>arnico</span> <span class='ocrx_word' id='word_1_59' title='bbox 774 1473 795 1506; x_wconf 74' lang='grc' dir='ltr'>ι.</span> 
     </span>
    </p>

    <p class='ocr_par' dir='ltr' id='par_1_5' title="bbox 226 1579 1346 1813">
     <span class='ocr_line' id='line_1_9' title="bbox 270 1579 1345 1671; baseline 0.001 -29"><span class='ocrx_word' id='word_1_60' title='bbox 270 1579 351 1660; x_wconf 80' lang='lat' dir='ltr'>Quae</span> <span class='ocrx_word' id='word_1_61' title='bbox 379 1596 515 1645; x_wconf 88' lang='lat' dir='ltr'>contra:</span> <span class='ocrx_word' id='word_1_62' title='bbox 539 1583 599 1646; x_wconf 78' lang='grc' dir='ltr'>«Ο</span> <span class='ocrx_word' id='word_1_63' title='bbox 625 1581 733 1647; x_wconf 84' lang='lat' dir='ltr'>ferinae</span> <span class='ocrx_word' id='word_1_64' title='bbox 759 1583 897 1647; x_wconf 84' lang='lat' dir='ltr'>maxime</span> <span class='ocrx_word' id='word_1_65' title='bbox 923 1583 1046 1671; x_wconf 86' lang='lat' dir='ltr'>gentis,</span> <span class='ocrx_word' id='word_1_66' title='bbox 1075 1582 1176 1645; x_wconf 86' lang='lat' dir='ltr'>multa</span> <span class='ocrx_word' id='word_1_67' title='bbox 1203 1581 1345 1645; x_wconf 88' lang='lat' dir='ltr'>animum</span> 
     </span>
     <span class='ocr_line' id='line_1_10' title="bbox 226 1719 1346 1813; baseline 0.001 -30"><span class='ocrx_word' id='word_1_68' title='bbox 226 1749 238 1772; x_wconf 63' lang='lat' dir='ltr'>a</span> <span class='ocrx_word' id='word_1_69' title='bbox 255 1719 470 1786; x_wconf 90' lang='lat' dir='ltr'>sollicitudine</span> <span class='ocrx_word' id='word_1_70' title='bbox 485 1720 668 1787; x_wconf 90' lang='lat' dir='ltr'>discrucior.</span> <span class='ocrx_word' id='word_1_71' title='bbox 685 1723 761 1787; x_wconf 92' lang='lat' dir='ltr'>Non</span> <span class='ocrx_word' id='word_1_72' title='bbox 777 1724 862 1788; x_wconf 90' lang='lat' dir='ltr'>eninr</span> <span class='ocrx_word' id='word_1_73' title='bbox 879 1724 1044 1813; x_wconf 82' lang='lat' dir='ltr'>praesentia</span> <span class='ocrx_word' id='word_1_74' title='bbox 1059 1737 1184 1786; x_wconf 89' lang='lat' dir='ltr'>tantum</span> <span class='ocrx_word' id='word_1_75' title='bbox 1199 1745 1251 1784; x_wconf 89' lang='lat' dir='ltr'>rne</span> <span class='ocrx_word' id='word_1_76' title='bbox 1267 1744 1346 1785; x_wconf 91' lang='lat' dir='ltr'>con-</span> 
     </span>
    </p>
   </div>
   <div class='ocr_carea' id='block_1_3' title="bbox 227 1861 1347 1954">
    <p class='ocr_par' dir='ltr' id='par_1_6' title="bbox 227 1861 1347 1954">
     <span class='ocr_line' id='line_1_11' title="bbox 227 1861 1347 1954; baseline 0.003 -30"><span class='ocrx_word' id='word_1_77' title='bbox 227 1892 239 1915; x_wconf 76' lang='lat'>«</span> <span class='ocrx_word' id='word_1_78' title='bbox 257 1861 400 1944; x_wconf 79' lang='lat' dir='ltr'>tristant3</span> <span class='ocrx_word' id='word_1_79' title='bbox 414 1862 469 1926; x_wconf 87' lang='lat' dir='ltr'>sed</span> <span class='ocrx_word' id='word_1_80' title='bbox 485 1863 606 1944; x_wconf 79' lang='lat' dir='ltr'>futura,</span> <span class='ocrx_word' id='word_1_81' title='bbox 631 1887 699 1951; x_wconf 81' lang='lat' dir='ltr'>quoe</span> <span class='ocrx_word' id='word_1_82' title='bbox 713 1864 921 1953; x_wconf 84' lang='lat' dir='ltr'>piaevidearn,</span> <span class='ocrx_word' id='word_1_83' title='bbox 936 1865 1081 1954; x_wconf 79' lang='lat' dir='ltr'>deploro</span> <span class='ocrx_word' id='word_1_84' title='bbox 1099 1868 1180 1930; x_wconf 82' lang='lat' dir='ltr'>Nam</span> <span class='ocrx_word' id='word_1_85' title='bbox 1197 1865 1223 1926; x_wconf 91' lang='lat' dir='ltr'>si</span> <span class='ocrx_word' id='word_1_86' title='bbox 1234 1863 1347 1928; x_wconf 89' lang='lat' dir='ltr'>diebus</span> 
     </span>
    </p>
   </div>
   <div class='ocr_carea' id='block_1_4' title="bbox 227 1977 1347 2097">
    <p class='ocr_par' dir='ltr' id='par_1_7' title="bbox 227 1977 1347 2097">
     <span class='ocr_line' id='line_1_12' title="bbox 227 1977 1347 2097; baseline 0.004 -31"><span class='ocrx_word' id='word_1_87' title='bbox 227 2033 239 2056; x_wconf 74' lang='lat' dir='ltr'>n</span> <span class='ocrx_word' id='word_1_88' title='bbox 255 2002 389 2091; x_wconf 86' lang='lat' dir='ltr'>singulis</span> <span class='ocrx_word' id='word_1_89' title='bbox 415 1977 493 2068; x_wconf 86' lang='lat' dir='ltr'>alius</span> <span class='ocrx_word' id='word_1_90' title='bbox 509 2028 546 2068; x_wconf 90' lang='lat' dir='ltr'>ac</span> <span class='ocrx_word' id='word_1_91' title='bbox 563 2004 712 2094; x_wconf 83' lang='lat' dir='ltr'>deinceps</span> <span class='ocrx_word' id='word_1_92' title='bbox 728 2007 808 2070; x_wconf 89' lang='lat' dir='ltr'>alius</span> <span class='ocrx_word' id='word_1_93' title='bbox 823 2008 940 2097; x_wconf 90' lang='lat' dir='ltr'>hospes</span> <span class='ocrx_word' id='word_1_94' title='bbox 955 2006 1139 2072; x_wconf 84' lang='lat' dir='ltr'>adventabit</span> <span class='ocrx_word' id='word_1_95' title='bbox 1154 2004 1265 2092; x_wconf 90' lang='lat' dir='ltr'>(idque</span> <span class='ocrx_word' id='word_1_96' title='bbox 1280 2006 1347 2071; x_wconf 90' lang='lat' dir='ltr'>abit</span> 
     </span>
    </p>
   </div>
   <div class='ocr_carea' id='block_1_5' title="bbox 227 2144 1347 2235">
    <p class='ocr_par' dir='ltr' id='par_1_8' title="bbox 227 2144 1347 2235">
     <span class='ocr_line' id='line_1_13' title="bbox 227 2144 1347 2235; baseline 0.003 -29"><span class='ocrx_word' id='word_1_97' title='bbox 227 2173 240 2200; x_wconf 79' lang='grc' dir='ltr'>ι</span> <span class='ocrx_word' id='word_1_98' title='bbox 256 2145 288 2207; x_wconf 92' lang='lat' dir='ltr'>in</span> <span class='ocrx_word' id='word_1_99' title='bbox 307 2144 600 2233; x_wconf 82' lang='lat' dir='ltr'>consuetudinem),</span> <span class='ocrx_word' id='word_1_100' title='bbox 617 2147 707 2211; x_wconf 86' lang='lat' dir='ltr'>brevi</span> <span class='ocrx_word' id='word_1_101' title='bbox 724 2169 787 2210; x_wconf 87' lang='lat' dir='ltr'>una</span> <span class='ocrx_word' id='word_1_102' title='bbox 803 2169 864 2235; x_wconf 85' lang='lat' dir='ltr'>ego</span> <span class='ocrx_word' id='word_1_103' title='bbox 883 2169 924 2210; x_wconf 92' lang='lat' dir='ltr'>ne</span> <span class='ocrx_word' id='word_1_104' title='bbox 946 2147 1113 2211; x_wconf 89' lang='lat' dir='ltr'>hesternos</span> <span class='ocrx_word' id='word_1_105' title='bbox 1133 2145 1263 2235; x_wconf 84' lang='lat' dir='ltr'>quidem</span> <span class='ocrx_word' id='word_1_106' title='bbox 1287 2168 1347 2234; x_wconf 82' lang='lat' dir='ltr'>gu·</span> 
     </span>
    </p>
   </div>
   <div class='ocr_carea' id='block_1_6' title="bbox 104 2288 498 2353">
    <p class='ocr_par' dir='ltr' id='par_1_9' title="bbox 104 2288 498 2353">
     <span class='ocr_line' id='line_1_14' title="bbox 104 2288 498 2353; baseline 0.003 -1"><span class='ocrx_word' id='word_1_107' title='bbox 104 2306 106 2310; x_wconf 70' lang='grc'><strong>“</strong></span> <span class='ocrx_word' id='word_1_108' title='bbox 228 2289 348 2353; x_wconf 77' lang='lat' dir='ltr'>«stabo</span> <span class='ocrx_word' id='word_1_109' title='bbox 365 2288 456 2353; x_wconf 89' lang='lat' dir='ltr'>cibos</span> <span class='ocrx_word' id='word_1_110' title='bbox 472 2320 498 2353; x_wconf 67' lang='grc' dir='ltr'>υ.</span> 
     </span>
    </p>
   </div>
   <div class='ocr_carea' id='block_1_7' title="bbox 273 2404 1349 2512">
    <p class='ocr_par' dir='ltr' id='par_1_10' title="bbox 273 2404 1349 2512">
     <span class='ocr_line' id='line_1_15' title="bbox 273 2404 1349 2512; baseline 0 -26"><span class='ocrx_word' id='word_1_111' title='bbox 273 2423 457 2488; x_wconf 81' lang='lat' dir='ltr'>Delectatus</span> <span class='ocrx_word' id='word_1_112' title='bbox 483 2422 550 2505; x_wconf 91' lang='lat' dir='ltr'>leo,</span> <span class='ocrx_word' id='word_1_113' title='bbox 577 2439 676 2512; x_wconf 88' lang='lat' dir='ltr'>utque</span> <span class='ocrx_word' id='word_1_114' title='bbox 700 2424 751 2488; x_wconf 87' lang='lat' dir='ltr'>leo</span> <span class='ocrx_word' id='word_1_115' title='bbox 776 2422 961 2505; x_wconf 88' lang='lat' dir='ltr'>subridens,</span> <span class='ocrx_word' id='word_1_116' title='bbox 980 2404 1068 2489; x_wconf 65' lang='lat' dir='ltr'>aldi</span> <span class='ocrx_word' id='word_1_117' title='bbox 1086 2424 1129 2488; x_wconf 88' lang='lat' dir='ltr'>ait</span> <span class='ocrx_word' id='word_1_118' title='bbox 1153 2423 1274 2487; x_wconf 79' lang='lat' dir='ltr'>«simio</span> <span class='ocrx_word' id='word_1_119' title='bbox 1299 2445 1349 2486; x_wconf 92' lang='lat' dir='ltr'>re-</span> 
     </span>
    </p>
   </div>
   <div class='ocr_carea' id='block_1_8' title="bbox 231 2563 819 2654">
    <p class='ocr_par' dir='ltr' id='par_1_11' title="bbox 231 2563 819 2654">
     <span class='ocr_line' id='line_1_16' title="bbox 231 2563 819 2654; baseline 0.005 -27"><span class='ocrx_word' id='word_1_120' title='bbox 231 2595 242 2619; x_wconf 80' lang='lat'>«</span> <span class='ocrx_word' id='word_1_121' title='bbox 258 2565 385 2645; x_wconf 88' lang='lat' dir='ltr'>nuntia,</span> <span class='ocrx_word' id='word_1_122' title='bbox 400 2587 504 2651; x_wconf 91' lang='lat' dir='ltr'>neque</span> <span class='ocrx_word' id='word_1_123' title='bbox 519 2563 559 2629; x_wconf 91' lang='lat' dir='ltr'>de</span> <span class='ocrx_word' id='word_1_124' title='bbox 574 2589 626 2630; x_wconf 88' lang='lat' dir='ltr'>rne</span> <span class='ocrx_word' id='word_1_125' title='bbox 642 2567 784 2654; x_wconf 86' lang='lat' dir='ltr'>queraris</span> <span class='ocrx_word' id='word_1_126' title='bbox 798 2597 819 2629; x_wconf 73' lang='grc' dir='ltr'>ν.</span> 
     </span>
    </p>
   </div>
   <div class='ocr_carea' id='block_1_9' title="bbox 274 2834 1351 2926">
    <p class='ocr_par' dir='ltr' id='par_1_12' title="bbox 274 2834 1351 2926">
     <span class='ocr_line' id='line_1_17' title="bbox 274 2834 1351 2926; baseline 0.003 -28"><span class='ocrx_word' id='word_1_127' title='bbox 274 2834 372 2918; x_wconf 90' lang='lat' dir='ltr'>Quod</span> <span class='ocrx_word' id='word_1_128' title='bbox 387 2836 511 2902; x_wconf 87' lang='lat' dir='ltr'>soleant</span> <span class='ocrx_word' id='word_1_129' title='bbox 524 2837 689 2926; x_wconf 71' lang='lat' dir='ltr'>presentia</span> <span class='ocrx_word' id='word_1_130' title='bbox 706 2838 792 2903; x_wconf 80' lang='lat' dir='ltr'>mala</span> <span class='ocrx_word' id='word_1_131' title='bbox 809 2839 958 2903; x_wconf 85' lang='lat' dir='ltr'>homines</span> <span class='ocrx_word' id='word_1_132' title='bbox 974 2838 1100 2902; x_wconf 88' lang='lat' dir='ltr'>tristitia</span> <span class='ocrx_word' id='word_1_133' title='bbox 1123 2859 1189 2901; x_wconf 91' lang='lat' dir='ltr'>non</span> <span class='ocrx_word' id='word_1_134' title='bbox 1210 2853 1299 2902; x_wconf 87' lang='lat' dir='ltr'>tanta</span> <span class='ocrx_word' id='word_1_135' title='bbox 1320 2853 1351 2903; x_wconf 90' lang='lat' dir='ltr'>et</span> 
     </span>
    </p>
   </div>
   <div class='ocr_carea' id='block_1_10' title="bbox 230 2977 1227 3067">
    <p class='ocr_par' dir='ltr' id='par_1_13' title="bbox 230 2977 1227 3067">
     <span class='ocr_line' id='line_1_18' title="bbox 230 2977 1227 3067; baseline 0.002 -26"><span class='ocrx_word' id='word_1_136' title='bbox 230 2977 418 3066; x_wconf 67' lang='lat' dir='ltr'>aegritudine</span> <span class='ocrx_word' id='word_1_137' title='bbox 433 2977 579 3060; x_wconf 89' lang='lat' dir='ltr'>afficere,</span> <span class='ocrx_word' id='word_1_138' title='bbox 605 2996 725 3067; x_wconf 90' lang='lat' dir='ltr'>quanta</span> <span class='ocrx_word' id='word_1_139' title='bbox 737 2982 803 3066; x_wconf 81' lang='lat' dir='ltr'>jani</span> <span class='ocrx_word' id='word_1_140' title='bbox 821 2979 1005 3044; x_wconf 80' lang='lat' dir='ltr'>futurorum</span> <span class='ocrx_word' id='word_1_141' title='bbox 1019 2977 1227 3067; x_wconf 76' lang='lat' dir='ltr'>exspectatio,</span> 
     </span>
    </p>
   </div>
   <div class='ocr_carea' id='block_1_11' title="bbox 229 3398 1352 3939">
    <p class='ocr_par' dir='ltr' id='par_1_14' title="bbox 229 3398 1352 3779">
     <span class='ocr_line' id='line_1_19' title="bbox 231 3398 1351 3464; baseline 0 -17"><span class='ocrx_word' id='word_1_142' title='bbox 231 3400 345 3459; x_wconf 83' lang='lat' dir='ltr'>accentu,</span> <span class='ocrx_word' id='word_1_143' title='bbox 363 3399 441 3449; x_wconf 73' lang='grc' dir='ltr'><strong>εἶπον·</strong></span> <span class='ocrx_word' id='word_1_144' title='bbox 456 3413 512 3464; x_wconf 78' lang='lat' dir='ltr'>quae</span> <span class='ocrx_word' id='word_1_145' title='bbox 531 3400 702 3464; x_wconf 86' lang='lat' dir='ltr'>pronunciatio</span> <span class='ocrx_word' id='word_1_146' title='bbox 714 3411 765 3449; x_wconf 85' lang='lat' dir='ltr'>me·</span> <span class='ocrx_word' id='word_1_147' title='bbox 816 3398 970 3462; x_wconf 80' lang='lat' dir='ltr'>teiiigendam</span> <span class='ocrx_word' id='word_1_148' title='bbox 984 3411 1038 3448; x_wconf 87' lang='lat' dir='ltr'>esse</span> <span class='ocrx_word' id='word_1_149' title='bbox 1054 3398 1144 3448; x_wconf 76' lang='lat' dir='ltr'>tabule</span> <span class='ocrx_word' id='word_1_150' title='bbox 1163 3399 1302 3462; x_wconf 78' lang='lat' dir='ltr'>allegoriam</span> <span class='ocrx_word' id='word_1_151' title='bbox 1319 3398 1351 3448; x_wconf 89' lang='lat' dir='ltr'>de</span> 
     </span>
     <span class='ocr_line' id='line_1_20' title="bbox 232 3476 1350 3542; baseline -0.001 -15"><span class='ocrx_word' id='word_1_152' title='bbox 232 3477 324 3527; x_wconf 85' lang='lat' dir='ltr'>liorest</span> <span class='ocrx_word' id='word_1_153' title='bbox 333 3477 415 3527; x_wconf 76' lang='lat' dir='ltr'>alten.</span> <span class='ocrx_word' id='word_1_154' title='bbox 426 3479 571 3530; x_wconf 79' lang='lat' dir='ltr'>rinocritus</span> <span class='ocrx_word' id='word_1_155' title='bbox 583 3484 620 3541; x_wconf 78' lang='lat' dir='ltr'>ii,</span> <span class='ocrx_word' id='word_1_156' title='bbox 634 3487 659 3529; x_wconf 80' lang='grc' dir='ltr'>ιι</span> <span class='ocrx_word' id='word_1_157' title='bbox 675 3494 682 3529; x_wconf 78' lang='lat' dir='ltr'>t</span> <span class='ocrx_word' id='word_1_158' title='bbox 699 3479 764 3542; x_wconf 79' lang='grc' dir='ltr'><strong>ὅμως</strong></span> <span class='ocrx_word' id='word_1_159' title='bbox 816 3477 963 3528; x_wconf 87' lang='lat' dir='ltr'>conditionis</span> <span class='ocrx_word' id='word_1_160' title='bbox 980 3476 1067 3526; x_wconf 75' lang='lat' dir='ltr'>aulice</span> <span class='ocrx_word' id='word_1_161' title='bbox 1079 3477 1160 3536; x_wconf 83' lang='lat' dir='ltr'>vitiis;</span> <span class='ocrx_word' id='word_1_162' title='bbox 1170 3477 1201 3528; x_wconf 80' lang='lat' dir='ltr'>de</span> <span class='ocrx_word' id='word_1_163' title='bbox 1213 3478 1350 3541; x_wconf 78' lang='lat' dir='ltr'>principum</span> 
     </span>
     <span class='ocr_line' id='line_1_21' title="bbox 232 3555 1351 3620; baseline 0 -15"><span class='ocrx_word' id='word_1_164' title='bbox 232 3557 306 3606; x_wconf 73' lang='grc' dir='ltr'><strong>εἶπον·</strong></span> <span class='ocrx_word' id='word_1_165' title='bbox 316 3557 338 3605; x_wconf 84' lang='grc' dir='ltr'>τί</span> <span class='ocrx_word' id='word_1_166' title='bbox 348 3556 478 3617; x_wconf 75' lang='grc' dir='ltr'><strong>τὸκαινόνς</strong></span> <span class='ocrx_word' id='word_1_167' title='bbox 491 3559 526 3607; x_wconf 86' lang='lat' dir='ltr'>tbi</span> <span class='ocrx_word' id='word_1_168' title='bbox 536 3562 593 3607; x_wconf 85' lang='lat' dir='ltr'>uota</span> <span class='ocrx_word' id='word_1_169' title='bbox 604 3558 705 3607; x_wconf 76' lang='lat' dir='ltr'>ulterius</span> <span class='ocrx_word' id='word_1_170' title='bbox 715 3557 765 3606; x_wconf 81' lang='lat' dir='ltr'>edi·</span> <span class='ocrx_word' id='word_1_171' title='bbox 818 3557 856 3608; x_wconf 83' lang='lat' dir='ltr'>vel</span> <span class='ocrx_word' id='word_1_172' title='bbox 869 3558 1017 3620; x_wconf 85' lang='lat' dir='ltr'>optimorum</span> <span class='ocrx_word' id='word_1_173' title='bbox 1033 3556 1178 3620; x_wconf 77' lang='lat' dir='ltr'>negligentia</span> <span class='ocrx_word' id='word_1_174' title='bbox 1187 3556 1231 3619; x_wconf 70' lang='lat' dir='ltr'>oui</span> <span class='ocrx_word' id='word_1_175' title='bbox 1247 3569 1284 3606; x_wconf 86' lang='lat' dir='ltr'>res</span> <span class='ocrx_word' id='word_1_176' title='bbox 1297 3555 1351 3605; x_wconf 83' lang='lat' dir='ltr'>infi-</span> 
     </span>
     <span class='ocr_line' id='line_1_22' title="bbox 229 3636 1351 3701; baseline 0 -16"><span class='ocrx_word' id='word_1_177' title='bbox 229 3636 303 3685; x_wconf 85' lang='lat' dir='ltr'>tionis</span> <span class='ocrx_word' id='word_1_178' title='bbox 323 3649 392 3687; x_wconf 73' lang='lat' dir='ltr'>meu.</span> <span class='ocrx_word' id='word_1_179' title='bbox 411 3638 488 3688; x_wconf 88' lang='lat' dir='ltr'>simili</span> <span class='ocrx_word' id='word_1_180' title='bbox 504 3637 593 3688; x_wconf 89' lang='lat' dir='ltr'>mendo</span> <span class='ocrx_word' id='word_1_181' title='bbox 620 3642 701 3687; x_wconf 76' lang='lat' dir='ltr'>nstoev</span> <span class='ocrx_word' id='word_1_182' title='bbox 722 3650 766 3701; x_wconf 87' lang='lat' dir='ltr'>pro</span> <span class='ocrx_word' id='word_1_183' title='bbox 819 3638 944 3687; x_wconf 87' lang='lat' dir='ltr'>miscirca</span> <span class='ocrx_word' id='word_1_184' title='bbox 959 3651 985 3687; x_wconf 84' lang='lat' dir='ltr'>se</span> <span class='ocrx_word' id='word_1_185' title='bbox 1004 3637 1164 3688; x_wconf 80' lang='lat' dir='ltr'>familiaribus</span> <span class='ocrx_word' id='word_1_186' title='bbox 1182 3638 1300 3699; x_wconf 64' lang='lat' dir='ltr'>cretum</span> <span class='ocrx_word' id='word_1_187' title='bbox 1320 3636 1351 3685; x_wconf 87' lang='lat' dir='ltr'>de</span> 
     </span>
     <span class='ocr_line' id='line_1_23' title="bbox 231 3715 1352 3779; baseline 0 -14"><span class='ocrx_word' id='word_1_188' title='bbox 231 3721 314 3766; x_wconf 78' lang='grc' dir='ltr'><strong>πεῖσον</strong></span> <span class='ocrx_word' id='word_1_189' title='bbox 325 3716 382 3768; x_wconf 77' lang='lat' dir='ltr'>Fab,</span> <span class='ocrx_word' id='word_1_190' title='bbox 396 3723 449 3778; x_wconf 79' lang='lat' dir='ltr'>tio,</span> <span class='ocrx_word' id='word_1_191' title='bbox 460 3725 494 3768; x_wconf 81' lang='lat' dir='ltr'>tt.</span> <span class='ocrx_word' id='word_1_192' title='bbox 818 3715 941 3765; x_wconf 81' lang='lat' dir='ltr'>veteribus</span> <span class='ocrx_word' id='word_1_193' title='bbox 953 3715 1040 3765; x_wconf 84' lang='lat' dir='ltr'>amicis</span> <span class='ocrx_word' id='word_1_194' title='bbox 1050 3729 1155 3779; x_wconf 86' lang='lat' dir='ltr'>quorum</span> <span class='ocrx_word' id='word_1_195' title='bbox 1169 3717 1249 3779; x_wconf 85' lang='lat' dir='ltr'>prisca</span> <span class='ocrx_word' id='word_1_196' title='bbox 1265 3716 1352 3765; x_wconf 81' lang='lat' dir='ltr'>merita</span> 
     </span>
    </p>

    <p class='ocr_par' dir='ltr' id='par_1_15' title="bbox 232 3793 1350 3939">
     <span class='ocr_line' id='line_1_24' title="bbox 265 3793 1350 3858; baseline 0.001 -14"><span class='ocrx_word' id='word_1_197' title='bbox 265 3799 348 3858; x_wconf 84' lang='lat' dir='ltr'>inepta</span> <span class='ocrx_word' id='word_1_198' title='bbox 377 3800 415 3846; x_wconf 83' lang='lat' dir='ltr'>est</span> <span class='ocrx_word' id='word_1_199' title='bbox 443 3794 584 3846; x_wconf 83' lang='lat' dir='ltr'>aiiabnlatio</span> <span class='ocrx_word' id='word_1_200' title='bbox 612 3793 767 3857; x_wconf 84' lang='lat' dir='ltr'>hominisque</span> <span class='ocrx_word' id='word_1_201' title='bbox 818 3793 933 3844; x_wconf 83' lang='lat' dir='ltr'>obscurat</span> <span class='ocrx_word' id='word_1_202' title='bbox 955 3808 1076 3846; x_wconf 79' lang='lat' dir='ltr'>notorum</span> <span class='ocrx_word' id='word_1_203' title='bbox 1099 3796 1226 3846; x_wconf 70' lang='lat' dir='ltr'>{nominum</span> <span class='ocrx_word' id='word_1_204' title='bbox 1246 3807 1350 3858; x_wconf 66' lang='lat' dir='ltr'>pimen-</span> 
     </span>
     <span class='ocr_line' id='line_1_25' title="bbox 232 3871 929 3939; baseline 0 -15"><span class='ocrx_word' id='word_1_205' title='bbox 232 3886 280 3924; x_wconf 86' lang='lat' dir='ltr'>non</span> <span class='ocrx_word' id='word_1_206' title='bbox 296 3873 367 3925; x_wconf 81' lang='lat' dir='ltr'>valde</span> <span class='ocrx_word' id='word_1_207' title='bbox 384 3875 492 3939; x_wconf 73' lang='lat' dir='ltr'>ugnus,</span> <span class='ocrx_word' id='word_1_208' title='bbox 504 3873 549 3938; x_wconf 86' lang='lat' dir='ltr'>qui</span> <span class='ocrx_word' id='word_1_209' title='bbox 559 3886 608 3924; x_wconf 85' lang='lat' dir='ltr'>noa</span> <span class='ocrx_word' id='word_1_210' title='bbox 624 3872 714 3924; x_wconf 74' lang='lat' dir='ltr'>uiderit</span> <span class='ocrx_word' id='word_1_211' title='bbox 732 3871 767 3922; x_wconf 87' lang='lat' dir='ltr'>iu·</span> <span class='ocrx_word' id='word_1_212' title='bbox 819 3873 869 3935; x_wconf 76' lang='lat' dir='ltr'>tia3</span> <span class='ocrx_word' id='word_1_213' title='bbox 881 3877 929 3924; x_wconf 85' lang='lat' dir='ltr'>etc.</span> 
     </span>
    </p>
   </div>
   <div class='ocr_carea' id='block_1_12' title="bbox 0 0 1669 5272">
    <p class='ocr_par' dir='ltr' id='par_1_16' title="bbox 0 0 1669 5272">
     <span class='ocr_line' id='line_1_26' title="bbox 0 0 1669 5272; baseline 0 0"><span class='ocrx_word' id='word_1_214' title='bbox 0 0 1669 5272; x_wconf 95' lang='lat' dir='ltr'> </span> 
     </span>
    </p>
   </div>
  </div>
 </body>
</html>
