3300 5272
566 498 693 550 narrans
716 498 756 548 nr
778 497 930 567 acaunus.
1205 473 1248 547 37

245 648 371 726 pucros
389 649 430 700 ac
449 626 583 724 puellas
595 649 704 701 caeeoa
719 626 826 700 luisse
842 625 880 700 in
894 623 993 698 amni
1004 632 1252 703 tormentcrum

244 772 369 847 genera
386 773 406 823 e
422 750 582 849 Cypriani
599 748 724 823 litteris
738 759 953 845 compertum
975 757 1041 821 cet.
1063 742 1252 821 Multorum

246 872 409 971 Cypriani
427 870 678 972 discipulorum
702 883 781 948 acta
795 874 856 970 qui
877 871 916 944 in
934 867 1053 944 Africa
1074 880 1109 942 at
1125 864 1162 942 iu
1182 869 1253 945 Nu·

244 995 350 1071 midia
378 997 472 1094 panai
503 1004 599 1088 nunt,
629 996 770 1094 hujusce
789 992 949 1094 procellae
973 995 1142 1092 impetum
1164 990 1253 1083 indi·

243 1131 336 1194 caut.
352 1119 562 1219 Martyrihua
586 1121 646 1218 qui
663 1119 825 1219 Cypriani
840 1130 995 1217 tempure
1011 1115 1137 1189 clarius
1153 1114 1252 1199 ¹obic-

242 1253 335 1337 rnnt,
351 1240 568 1342 adjungenda
582 1255 636 1317 ast
659 1242 759 1341 copia
783 1240 961 1339 illaquam
978 1262 1124 1314 muscam
1137 1238 1251 1313 cundi·

242 1367 321 1441 dum
332 1379 472 1460 vocant,
490 1368 619 1467 quippe
634 1389 713 1466 quae
730 1365 823 1439 calce
840 1366 920 1439 vira
931 1361 1118 1461 absumpta
1131 1361 1247 1437 luerit.
1281 1339 1287 1352 ⁸

275 1558 438 1634 appositam
449 1565 606 1618 memorant
618 1572 694 1617 aram
705 1555 785 1617 saraa
797 1555 905 1615 antima
916 1570 1036 1626 camma,

274 1649 349 1721 Lege
362 1647 414 1706 rub
426 1647 478 1705 hac
490 1647 555 1706 salis
567 1654 616 1706 aut
626 1646 741 1720 micam,
750 1646 829 1720 jecur
840 1651 890 1702 aut
901 1643 960 1702 ruia
970 1643 1082 1702 litarent

273 1734 456 1807 Clarum,
470 1743 521 1794 ant
532 1735 633 1794 merlin
645 1743 743 1809 sponte
755 1735 892 1792 imucrcut
903 1732 933 1789 in
944 1732 1000 1790 ima
1011 1731 1104 1801 loram

273 1824 427 1882 Prosiluerc
440 1824 544 1882 alacres
557 1840 639 1882 cursu
651 1823 748 1896 rapido
761 1821 844 1881 aimul
856 1821 983 1880 trecenti.

272 1912 388 1987 Gurgite
398 1913 527 1987 pulvereo
539 1926 647 1972 meraca
658 1912 749 1985 liquor
761 1909 854 1969 andus
866 1909 982 1981 vorarit,

271 1999 500 2080 Pracipitemqua
511 2000 625 2076 globum
637 1999 725 2058 fundo
738 2005 819 2058 teum
830 1996 980 2074 implicavit
992 1997 1059 2056 ima.

271 2089 393 2162 Corpora
404 2088 508 2146 candor
521 2087 616 2161 habat,
629 2086 733 2146 candor
745 2085 821 2144 vehit
833 2082 869 2143 ad
883 2100 1000 2160 superna
1014 2090 1141 2157 mantea3

271 2174 414 2234 Candida
427 2191 529 2234 musac
541 2174 644 2234 dehinc
655 2173 712 2234 dici
724 2172 826 2232 meruit
838 2188 888 2248 per
899 2187 983 2232 omna
994 2174 1109 2233 malum
1122 2174 1145 2230 ⁴.

283 2353 360 2450 lpse
389 2339 680 2452 Carihagiaianeia
720 2353 922 2450 episcopua,
962 2351 1030 2429 auh
1069 2351 1243 2427 Valeriani

233 2476 443 2575 principatu,
457 2476 600 2552 utilliua
615 2499 781 2575 usurpem
798 2475 917 2568 verba,
936 2487 1124 2575 postquam
1140 2477 1243 2560 iunu-

231 2621 363 2672 maram
386 2611 578 2699 martyrum
592 2600 762 2697 praemisit
781 2597 942 2691 turbam,
969 2598 1118 2681 aliorum
1134 2601 1243 2676 incre·

230 2718 522 2820 dibilemcopiam
535 2721 716 2798 adcoelum
728 2719 868 2796 tandem
880 2725 1070 2821 praecaaait.
1084 2725 1237 2823 Etenim,

230 2850 305 2943 ejus
326 2857 407 2943 post
432 2856 606 2939 mortem,
642 2855 829 2946 tempestae
860 2847 986 2921 cavius
1008 2845 1122 2922 adhuc
1146 2847 1237 2947 apud

228 2968 332 3043 Afros
354 2966 523 3045 bacchata
539 2981 613 3064 est,
640 2971 792 3046 auorum
818 2981 969 3070 anagcm
989 2994 1108 3045 aecum
1126 2972 1237 3047 invol-

227 3115 328 3175 vens.
348 3095 508 3191 aucupto
521 3092 659 3170 taudem
674 3096 818 3169 aPeraia
837 3074 1019 3170 Valeriano
1038 3103 1135 3193 cujus
1151 3120 1237 3196 pea-
1336 3175 1338 3178 Α

227 3216 353 3289 simam
372 3216 546 3291 fortumnm
562 3230 702 3292 enarrat
719 3219 915 3293 Lactantius
927 3223 958 3312 ²,
980 3218 1156 3294 Gallienus
1174 3220 1234 3320 qui

226 3338 264 3425 in
276 3348 459 3435 paternum
470 3341 704 3440 principatum
721 3343 900 3430 succeseit,
919 3364 1042 3441 pacem
1060 3343 1232 3417 instaura·

105 3490 109 3496 ·
223 3461 287 3535 vit.
304 3464 390 3552 Quae
410 3485 492 3538 vcro
508 3464 754 3563 tranquillitas,
780 3464 1233 3557 Chrmtiauiurehueadmo·

225 3582 309 3661 dum
323 3585 519 3682 commoda,
536 3587 668 3663 nullon
692 3590 867 3690 principe,
890 3588 920 3663 ei
943 3601 1059 3665 tamen
1073 3589 1229 3667 Aurelia·

222 3732 308 3784 num
326 3710 499 3808 excipias,
519 3711 722 3810 perturbata
741 3711 809 3787 luit
833 3711 1005 3813 usquead
1026 3713 1229 3789 Diocletiani

222 3829 406 3907 durissima
428 3845 604 3933 tempora,
632 3838 669 3909 iu
686 3834 836 3936 quibua,
862 3847 901 3909 ut
929 3835 1034 3913 habet
1056 3834 1227 3937 Sulpicius

256 4068 279 4113 1.
297 4062 599 4131 autumationum
614 4069 653 4119 13.

250 4152 276 4197 2.
291 4147 538 4212 mancupem..
555 4160 579 4200 c.
594 4162 621 4200 a.
