3300 5272
783 466 935 525 BABRU
967 466 1141 526 renutu
1173 466 1284 525 LXIV
1542 475 1596 525 stt

977 858 1097 926 txtv.

841 1118 970 1179 nulus
1003 1118 1058 1177 ET
1088 1120 1237 1180 RUBUS.

526 1413 773 1479 contendebant
792 1416 881 1481 abies
898 1434 930 1481 et
947 1419 1048 1483 rubus
1061 1418 1145 1483 inter
1161 1441 1204 1484 se.

525 1540 640 1603 Abiete
652 1553 759 1604 autem
771 1541 866 1605 variis
877 1563 911 1604 se
923 1541 1026 1628 ipsam
1038 1539 1194 1606 efferente
1211 1539 1362 1606 laudibus
1378 1566 1386 1606 ε

528 1661 668 1726 «Pulcra
689 1684 779 1744 sum,
798 1686 835 1728 ac
859 1679 978 1730 statura
1003 1666 1164 1729 concinne
1188 1687 1336 1753 procera,
1361 1681 1410 1749 et,
1437 1689 1509 1754 quae
1539 1667 1599 1728 sim

482 1786 647 1865 «nubium
676 1785 801 1865 incola,
827 1802 913 1853 rectu
937 1811 1057 1854 cresco.
1083 1787 1213 1854 Palatiis
1234 1787 1277 1854 fio
1300 1804 1419 1854 tectum
1444 1803 1476 1854 et
1492 1789 1599 1853 carina

483 1941 495 1962 a
514 1909 666 1993 navibus,
691 1925 741 1974 tot
754 1911 838 1975 inter
862 1884 992 1978 arbores
1008 1927 1196 1976 cunctarum
1217 1913 1522 2001 spectabilissima»;

528 2030 643 2095 Rubns
659 2033 826 2120 reposuit:
912 2124 915 2130 Ι

528 2183 539 2205 ιι
556 2153 590 2217 Si
607 2169 638 2218 te
654 2154 789 2219 subierit
807 2156 963 2220 memoria
988 2171 1020 2220 et
1043 2155 1235 2243 bipennium
1262 2154 1477 2221 indesinenter
1495 2171 1529 2221 te
1553 2158 1599 2220 fe·

481 2277 678 2358 ·rientium‚
712 2293 745 2341 et
773 2277 928 2341 nscinrum
960 2276 1183 2341 indesinenter
1215 2295 1247 2342 te
1276 2278 1469 2358 secantium,
1503 2280 1600 2343 rubus

483 2431 495 2455 a
512 2398 580 2464 fieri
593 2415 629 2462 tu
645 2422 774 2489 quoqne
790 2384 905 2464 lubens
923 2401 1049 2490 optabis
1066 2431 1089 2465 ι.

528 2521 639 2587 Clarus
664 2523 857 2611 quicumque
889 2539 952 2603 est,
981 2525 1200 2611 majoremque
1227 2523 1435 2589 inferioribus
1464 2526 1600 2616 gloriam

484 2661 717 2754 consequutus,
744 2650 841 2711 etium
859 2649 981 2731 majora
997 2645 1131 2734 pertulit
1146 2646 1296 2736 pericula.

529 2891 578 2958 Ad
595 2894 742 2958 homines
764 2910 888 2983 spectat
911 2893 1021 2958 fabula
1037 2892 1207 2958 mundanis
1224 2895 1445 2982 superbientes
1461 2893 1601 2983 dignita-

485 3018 588 3099 tibus,
617 3017 756 3106 ideoque
778 3016 949 3081 efferentes
978 3041 1012 3082 se
1038 3020 1238 3106 arrogantius
1267 3019 1301 3082 in
1335 3019 1516 3108 proximos,
1546 3020 1601 3106 qui

484 3141 680 3206 mediocrem
697 3158 729 3204 et
744 3139 923 3205 modestam
947 3143 1045 3206 vitam
1072 3144 1200 3226 vivunt,
1226 3142 1367 3232 indeque
1385 3165 1499 3235 magne
1517 3142 1600 3206 effu·

483 3267 576 3353 giunt
590 3264 739 3352 pericula.
1077 3244 1079 3249 ,

485 3614 551 3665 iun
573 3615 674 3664 nouus
693 3626 748 3664 esse
763 3613 895 3664 niumm
915 3615 1016 3677 opens
1069 3619 1097 3665 ut
1112 3615 1172 3664 min
1192 3600 1337 3664 niumm.
1355 3612 1415 3664 rue
1435 3614 1465 3663 u
1484 3615 1542 3664 ran.
1560 3619 1599 3676 ss,

485 3698 573 3756 turqne
582 3707 630 3742 non
640 3692 713 3743 semei
720 3693 746 3742 in
756 3692 847 3752 bibliis,
857 3693 924 3743 verbi
934 3706 1016 3752 cause,
1069 3698 1151 3742 notum
1164 3698 1200 3742 15,

485 3773 549 3836 apud
559 3773 689 3823 Jereminm
700 3777 739 3834 23,
751 3780 780 3825 29
791 3788 798 3821 :
809 3774 853 3823 οὐκ
862 3774 912 3822 ἰδοὺ
921 3776 943 3822 ot
951 3774 1016 3836 λόγοι
1100 3775 1128 3820 tn
1138 3770 1310 3820 affabulationis
1320 3774 1348 3831 Α,
1360 3770 1497 3831 tuentum.
1508 3776 1601 3821 Nomen

486 3869 531 3913 μου
541 3853 622 3916 ὥσπερ
633 3856 688 3914 πῦρ,
698 3852 759 3914 λέγει
775 3851 869 3915 Κύριος,
879 3852 920 3900 καὶ
930 3853 961 3907 ὡς
976 3851 1017 3900 πέ-
1070 3851 1185 3913 sospito<
1200 3850 1268 3899 facile
1285 3848 1357 3898 dooef
1367 3848 1482 3898 tectorem
1494 3849 1600 3899 additam

485 3930 525 3985 tut
535 3929 630 3980 κόπτων
646 3931 744 3995 ntupum
762 3928 872 3980 Meminit
885 3931 967 3979 nmen
981 3941 1019 3992 go
1070 3941 1125 3979 esse
1140 3927 1285 3977 sententiam
1299 3926 1330 3975 ab
1349 3924 1447 3976 {romine
1459 3927 1601 3990 christiano,

486 4005 556 4056 nititi
564 4008 664 4064 ntum
675 4008 807 4059 Athenaens
819 4012 844 4070 9,
853 4010 892 4057 47.
1070 4004 1136 4069 quod
1155 4008 1180 4056 ot
1193 4005 1225 4054 de
1236 4002 1347 4067 plurimis
1359 4003 1414 4055 otiis
1424 4003 1601 4057 affabulationi-

518 4090 555 4135 tt.
572 4091 607 4146 Α,
621 4087 663 4135 καὶ
681 4086 799 4149 διάμενε.
817 4085 888 4149 Quod
907 4084 1017 4136 tenuati
1070 4083 1116 4134 bus
1127 4082 1175 4132 dici
1185 4081 1266 4132 debet.
