3300 5272
486 1131 647 1215 CAPUT
680 1131 966 1216 SECUNDUM.

388 1337 514 1391 mnu!
521 1335 700 1390 Minimo
706 1334 933 1386 (intimum
944 1334 1065 1380 m

680 1562 788 1584 ‘OD-

273 1836 458 1911 Thascium
482 1839 691 1936 cyprianum
717 1838 922 1912 Africanum
941 1838 1050 1912 tuisne
1068 1847 1223 1927 constan

225 1983 296 2059 quo
310 1961 442 2034 veroin
457 1959 586 2057 oppido
608 1970 709 2034 natus
723 1961 781 2054 sit,
796 1962 981 2034 incertum.
1000 1960 1099 2035 illum
1113 1971 1231 2034 tamen

225 2080 433 2179 Carthagine
465 2079 648 2154 oriundum
679 2079 780 2153 multi
802 2077 1025 2170 arbitrantur,
1058 2102 1165 2176 quum
1187 2077 1231 2152 dn
1323 2122 1328 2132 ·

224 2202 282 2277 illo
303 2204 379 2278 haen
397 2202 525 2283 habeat
536 2203 758 2277 Prudentius:

275 2428 325 2484 Est
336 2426 463 2500 proprius
480 2425 574 2500 pauiu
586 2433 702 2500 martyr,
716 2424 765 2485 sud
777 2432 806 2484 et
817 2439 913 2484 umore
927 2431 956 2483 et
967 2439 1016 2482 ore
1029 2432 1130 2482 noster.

775 2513 839 2588 (Περὶ
852 2513 981 2586 tunditur,
993 2528 1020 2568 v.
1036 2515 1091 2579 1³.)

271 2714 317 2783 At
331 2711 522 2810 Cyprianus
535 2712 610 2808 ipse
629 2731 707 2784 earn
725 2708 849 2784 urbem
867 2732 931 2808 pro
944 2711 1057 2807 patria
1073 2709 1139 2783 sibi
1157 2713 1230 2783 rin·

191 2862 196 2871 ·
224 2835 339 2908 dicare
357 2858 426 2908 non
448 2834 594 2928 vidntur,
619 2837 750 2933 ,quippe
769 2836 827 2933 qui
843 2833 987 2907 dixerit:
1014 2864 1028 2899 ι
1052 2834 1118 2907 Ubi
1139 2833 1230 2907 enim

223 2959 310 3033 mihi
327 2973 388 3032 aut
406 2960 531 3034 melius
547 2961 658 3057 possit
676 2985 752 3035 esse
764 2971 823 3034 aut
840 2959 952 3034 laetius
967 2984 1071 3056 quam
1084 2958 1154 3033 illie
1171 2958 1231 3033 ubi

222 3108 278 3156 nro
291 3085 386 3157 Deus
405 3084 543 3158 eredere
565 3085 671 3159 noluit
689 3097 724 3160 ut
746 3085 951 3159 crescern¹i
968 3086 1071 3158 »imo
1090 3081 1229 3185 quidam

222 3209 394 3280 senatoria
412 3207 514 3312 donro
533 3209 721 3283 Thascium
742 3220 856 3282 ortum
870 3231 944 3281 esse
962 3213 1004 3280 ex
1022 3207 1077 3281 his
1092 3208 1229 3305 Augus·

222 3330 285 3401 tini
306 3304 421 3403 uerbis
447 3334 708 3406 existimarunt:
737 3364 751 3398 (ι
774 3331 899 3405 Mutati
920 3343 1001 3403 sunt
1024 3319 1248 3429 piscatum,¹

223 3457 345 3526 mutati
362 3468 443 3527 nunt
455 3468 576 3552 postea
592 3458 696 3529 etiam
711 3456 850 3554 plurimi
865 3467 1056 3548 senatores3
1076 3468 1230 3530 mutatus

222 3590 274 3651 est
291 3579 518 3677 Cyprianus².
543 3612 556 3644 ι»
580 3582 695 3668 Quum
708 3604 791 3655 vero
813 3581 952 3653 Pontius
969 3587 1041 3679 ejus
1056 3603 1168 3677 neque
1187 3581 1229 3654 de

225 3703 356 3777 familia
366 3726 480 3801 neque
495 3702 537 3777 dn
549 3704 736 3802 Juvenibus
753 3707 851 3778 annis
864 3704 971 3779 verba
985 3706 1097 3779 saeern
1115 3704 1230 3778 volue-

224 3829 270 3901 rit
284 3829 378 3925 quia,
407 3828 635 3919 sithominis
660 3829 838 3932 Deifucta
864 3852 932 3902 non
948 3827 1075 3904 debent
1094 3828 1244 3910 aliundej

257 4080 279 4128 t.
296 4081 381 4144 Epiri.
394 4077 506 4130 XXXVI.

256 4171 279 4213 2.
299 4167 381 4213 serm.
394 4167 452 4221 ³11,
463 4176 524 4224 rur,
538 4162 577 4214 ud.
592 4161 725 4216 Benedict.
