3300 5272
876 442 1022 501 tabuit
1051 441 1223 501 trunti
1246 442 1281 518 lt.
1583 452 1632 503 tot

518 641 531 668 ι
546 613 606 676 Per
622 632 684 700 ego
701 625 732 674 te
753 607 831 674 deos
851 632 965 698 precor
980 624 1191 690 servatorem,
1212 608 1442 673 abscondente
1461 612 1546 673 inter
1566 613 1639 675 istas

518 764 531 789 ·
548 757 626 822 quas
642 733 786 800 cecidisti
804 734 960 823 populos3
986 756 1091 821 neque
1109 758 1160 798 me
1175 764 1188 790 ι
1206 734 1264 814 ait,
1288 764 1301 789 a
1313 731 1436 798 indices
1455 738 1637 800 venatori

563 893 684 956 iuravit
700 891 754 955 ille
769 887 967 980 proditorem
985 912 1019 953 se
1036 912 1102 952 non
1117 888 1202 971 fore3
1220 888 1395 978 vulpesque
1412 913 1446 954 se
1460 891 1613 955 occuluit.

561 1052 631 1114 lam
664 1049 772 1115 aderat
804 1065 957 1131 venator3
994 1049 1276 1138 interrogabatque
1310 1049 1497 1131 bominem,
1531 1065 1637 1114 utrum

518 1176 620 1240 hucce
632 1176 746 1264 vulpes
758 1198 792 1240 se
805 1175 1031 1263 penetraverit,
1049 1196 1090 1238 an
1105 1173 1218 1264 fugiat.

563 1334 628 1416 Qui
644 1349 754 1397 contra
772 1332 872 1397 «Non
884 1332 994 1415 vidi»,
1015 1334 1134 1421 inquit;
1155 1331 1211 1396 sed
1228 1331 1365 1422 digitum
1381 1331 1551 1396 intendens
1566 1357 1638 1396 curu

518 1457 600 1521 nutu
614 1457 724 1524 locum
738 1457 901 1523 indicabat
916 1481 980 1546 quo
998 1458 1066 1521 fera
1084 1457 1204 1521 latebat
1218 1455 1343 1521 callida.

563 1618 611 1681 Re
626 1639 694 1680 non
712 1616 892 1698 intellecta,
913 1632 1060 1698 venator,
1079 1616 1185 1681 verbis
1199 1613 1353 1700 confisus,
1370 1615 1458 1680 abiit.

561 1776 647 1841 Tum
663 1774 767 1841 calido
789 1777 923 1842 liberata
942 1776 1112 1865 periculo,
1138 1797 1157 1840 c
1176 1775 1276 1840 densa
1291 1775 1404 1865 vulpes
1429 1777 1560 1840 emersit
1583 1801 1637 1864 po·

519 1903 612 1992 pulo,
628 1902 797 1967 blandiens
813 1901 930 1983 cauda,
951 1917 1001 1966 ast
1014 1903 1106 1967 labiis
1120 1901 1349 1990 ringentibus„

562 2061 623 2124 Cui
638 2084 736 2125 senex
758 2090 771 2117 ι
783 2060 847 2125 Pro
866 2076 1055 2125 conservata
1070 2060 1127 2125 tibi
1146 2060 1212 2125 vita
1227 2062 1372 2149 gratias·
1393 2063 1438 2126 ait
1459 2092 1472 2119 a
1486 2064 1567 2127 mihi
1585 2063 1637 2127 dc·

517 2184 643 2248 ·bebis.
663 2185 773 2274 Eripui
788 2186 852 2249 leto
870 2197 902 2248 te
919 2215 947 2265 ·,
973 2184 1088 2272 inquit.
1106 2185 1182 2249 «Tu
1198 2207 1276 2249 vero
1291 2185 1334 2249 sis
1349 2187 1412 2250 mei
1430 2210 1555 2251 memor
1568 2219 1590 2251 υ.

560 2344 619 2407 Cui
636 2343 747 2433 vulpes
768 2368 775 2408 :
798 2343 1000 2426 «Quomodo
1017 2365 1084 2406 nou
1105 2343 1150 2407 rei
1174 2365 1299 2406 memor
1307 2364 1384 2424 ero,
1403 2343 1455 2406 cui
1474 2345 1562 2407 testis
1583 2343 1635 2406 ad-

514 2496 528 2522 ·
540 2467 623 2534 fuir?
636 2468 751 2533 Valeas
765 2469 872 2557 igitur.
894 2469 934 2532 Et
944 2466 1170 2554 jusjurandum
1185 2489 1252 2531 non
1268 2466 1413 2555 effugies.
1430 2469 1568 2532 Servasti
1583 2491 1634 2531 rne

516 2628 528 2652 ι
544 2596 667 2684 lingua3
691 2589 838 2656 occidisti
854 2591 956 2680 digito
969 2622 991 2654 ν.

560 2752 695 2840 Sapiens
712 2766 761 2815 est
774 2772 910 2833 numen,
930 2772 967 2813 ac
984 2772 1051 2812 non
1066 2764 1174 2837 potest
1191 2748 1314 2837 decipi;
1337 2769 1443 2837 neque
1455 2749 1568 2814 latebit
1581 2774 1635 2814 un-

517 2895 613 2962 quam
627 2871 728 2937 homo
744 2874 908 2960 perjurus,
925 2873 983 2959 qui
1005 2873 1116 2936 frustra
1130 2886 1236 2959 sperat
1251 2873 1350 2936 vitare
1361 2873 1526 2959 justitiam.

559 3143 751 3230 Opportune
766 3137 798 3201 in
816 3160 871 3202 eos
885 3138 1071 3201 recitabitur
1090 3135 1197 3200 fabula
1213 3137 1269 3224 qui
1286 3135 1425 3200 honesta
1439 3139 1631 3225 promittunt

516 3262 660 3354 quidem,
678 3261 733 3327 sed
750 3261 862 3326 dolosa
878 3261 1002 3325 faciunt
1023 3276 1054 3325 ct
1070 3259 1228 3348 improba.

514 3634 586 3691 vesp.
598 3634 640 3679 90¹
656 3644 662 3676 :
676 3630 790 3692 σεσηρὼς,
800 3629 972 3691 tantominus,
984 3628 1046 3677 ἀνοι·
1099 3639 1163 3688 pono
1174 3641 1181 3676 :
1191 3627 1288 3688 titoni
1301 3625 1427 3692 σεσηρότα.
1444 3625 1577 3676 Editiouam
1590 3641 1632 3676 no-

513 3708 568 3756 κτὸν
580 3707 642 3770 ἔχων
652 3707 679 3756 τὸ
689 3705 774 3769 στόμα.
785 3705 912 3768 Gregorius
922 3712 979 3755 Nat.
992 3707 1010 3755 t.
1022 3712 1048 3767 2,·
1097 3718 1154 3755 varo
1167 3718 1216 3754 non
1228 3705 1332 3769 inspexi,
1342 3719 1444 3768 eamque
1454 3705 1551 3766 bonam,
1562 3708 1630 3770 quip-

514 3800 537 3849 p.
551 3791 596 3836 202
613 3785 709 3836 (ἴτΤίν1
727 3785 798 3847 alicu
817 3784 879 3845 elati,
891 3785 963 3846 λέξον,
975 3801 1044 3843 oson-
1099 3797 1208 3848 pequam
1220 3785 1302 3834 Fixins
1310 3785 1441 3834 curaverit.

512 3863 680 3929 stanneum
689 3862 787 3928 κάρηνα.
799 3864 838 3914 sic
852 3862 956 3912 scribare
968 3863 1046 3913 voluit
1083 3883 1090 3898 ·
1129 3870 1167 3914 20.
1185 3870 1214 3926 Α,
1230 3866 1271 3913 καὶ
1283 3863 1422 3922 delirares.
1440 3863 1521 3913 Crasiu
1533 3865 1593 3925 leci,
1604 3869 1631 3915 ut

513 3941 615 4005 lilibus,
627 3955 704 4005 quum
726 3940 858 3990 invenisset
873 3941 897 3989 iu
909 3938 993 3990 codice
1004 3957 1045 3990 σε·
1096 3942 1163 3993 alias.

512 4021 614 4085 aspira,
634 4020 699 4083 qnod
722 4032 797 4082 quam
821 4019 963 4082 graphicum
981 4022 1046 4068 esset
1129 4020 1471 4073 circummundanum
1484 4019 1630 4070 modiover-

514 4110 564 4147 non
586 4098 739 4161 intelligebat.
762 4097 859 4148 oblitus
883 4100 935 4147 erat
960 4110 1046 4147 versus
1098 4100 1310 4164 sus‚periissequc
1321 4100 1393 4150 tinem
1406 4111 1463 4146 rum
1475 4098 1535 4147 alins
1552 4098 1629 4147 initio.

513 4177 656 4228 Nmiauzeni
676 4180 714 4227 sui
733 4183 750 4227 t
769 4186 793 4240 2,
814 4193 838 4242 p.
858 4183 917 4228 ron
935 4193 941 4227 ε
959 4179 1046 4228 ’Ostia
1099 4185 1181 4229 Graeca
1193 4179 1310 4238 camarii,
1323 4190 1379 4240 quae
1398 4177 1458 4226 mibi
1477 4176 1535 4225 buxi
1551 4179 1633 4238 conje-

513 4257 597 4314 πάντες
614 4258 848 4323 &cauponas-opitu,
861 4257 1044 4322 γυμνὰκάρηνα.
1099 4262 1168 4307 curra
1188 4272 1193 4305 :
1219 4257 1267 4306 οὐδ’
1288 4258 1316 4306 ἄν
1336 4274 1371 4314 τις
1389 4257 1462 4309 Adbuc
1483 4257 1506 4319 γ’
1525 4257 1631 4322 ἐπίορκοι

513 4335 1047 4388 satiustueratmederirerauureviuu.no
1099 4336 1419 4400 προσδοκῶνζδῐκηνφιύγειν.
