3300 5272
323 488 390 567 122
629 511 776 563 omniuo
800 510 1019 573 nmnnsrnous

318 638 501 714 lentissime
528 645 664 710 tantum
682 637 832 739 ,imponi
857 639 944 711 ritus
976 637 1176 713 nominabat
1205 662 1248 714 uc
1276 638 1319 715 de

319 761 386 838 diis
404 761 544 837 tacebat
563 763 716 851 omnino,
737 770 856 857 aperte
875 760 1052 858 respondit
1066 761 1145 835 ills:
1165 792 1180 829 ι
1202 764 1319 837 (llinis-

318 887 432 959 tianus
448 908 526 959 sum
547 896 581 956 et
598 884 793 981 episcopus.
813 880 936 975 Nullos
956 882 1043 956 alios
1056 882 1138 957 deos
1154 885 1234 958 nori
1251 886 1320 959 nisi

316 1032 425 1083 unum
450 1020 484 1081 et
495 1030 617 1080 verum
637 1009 764 1096 Deum,
784 1008 844 1103 qui
865 1006 949 1080 iecit
972 1006 1098 1080 ooelum
1121 1019 1156 1081 et
1175 1018 1316 1102 terram,

317 1155 416 1205 maro
430 1142 465 1204 et
480 1152 557 1228 quae
571 1130 702 1202 suntin
716 1129 766 1202 eis
780 1130 910 1203 omnia.
927 1131 1017 1204 Huic
1031 1134 1104 1204 Deo
1122 1154 1186 1204 nos
1203 1131 1320 1205 Ghris·

318 1256 402 1328 tiani
421 1253 655 1346 deservimus3
673 1253 766 1326 bunc
788 1252 1016 1351 deprecamur
1038 1252 1161 1329 diebus
1183 1278 1224 1329 ac
1239 1280 1321 1329 noc·

317 1377 422 1467 tibus,
452 1402 515 1475 pro
541 1376 645 1457 nobis,
664 1387 698 1447 et
720 1398 784 1472 pro
801 1374 962 1449 omnibus
983 1377 1183 1451 hominibus
1200 1390 1236 1451 et
1256 1400 1320 1475 pro

319 1502 551 1576 incolumitate
572 1501 727 1597 ipsorum
750 1501 1010 1596 imperatorum.
1032 1533 1047 1569 ι
1071 1505 1217 1576 Instante
1242 1502 1321 1598 qui-

317 1622 395 1698 dem
411 1625 625 1722 magistratu,
645 1634 776 1721 martyr
788 1634 904 1697 autem
923 1626 960 1697 in
979 1627 1146 1698 sententia
1161 1648 1321 1723 permen·

318 1749 375 1820 sit.
408 1751 497 1820 'lum
528 1746 573 1821 ab
602 1772 644 1821 co
675 1746 956 1845 presbyterorum
990 1749 1321 1847 Carthaginiensium

319 1872 458 1945 nomina
468 1883 620 1969 rogatus,
636 1870 692 1944 ille
708 1870 821 1945 dicero
833 1874 1032 1946 animosus:
1054 1902 1068 1937 ι
1090 1872 1236 1971 Legibus
1247 1894 1321 1946 ves·

319 1996 382 2068 tris
393 1995 481 2068 bene
496 2007 598 2092 atque
611 1995 739 2068 utiliter
752 1997 952 2087 censuistis,
971 1995 1137 2070 delatores
1149 2020 1218 2071 non
1230 2018 1318 2070 esse.

320 2121 436 2215 ltaque
453 2108 565 2216 detegi
582 2130 616 2191 et
634 2118 760 2192 deferri
774 2143 796 2191 a
808 2142 864 2193 me
877 2144 949 2193 non
961 2132 1117 2217 possunt.
1140 2153 1154 2187 ι
1174 2124 1322 2219 Urgento

317 2242 375 2317 illo
393 2254 433 2316 ut
450 2267 509 2316 eos
531 2241 701 2334 declaret,
722 2272 736 2308 ι
759 2266 839 2316 cum
856 2242 1038 2341 disciplina
1049 2243 1250 2341 prohibeat,
1269 2244 1324 2315 vir

319 2369 432 2464 inquit
452 2366 574 2440 nobilis
587 2391 629 2440 ao
645 2379 802 2460 moestus,
818 2378 857 2441 ut
871 2367 949 2463 quis
968 2367 1113 2441 scultro
1131 2366 1269 2458 offerat,
1289 2377 1324 2441 et

317 2503 387 2564 tuae
405 2514 541 2588 quoque
564 2514 719 2564 censurae
743 2491 810 2564 boc
836 2490 1032 2588 displiceat,
1061 2513 1126 2564 nec
1144 2491 1270 2564 ollerre
1286 2513 1324 2563 se

317 2615 384 2711 ipsi
401 2626 568 2712 possunt,
595 2613 656 2687 sed
681 2636 702 2684 a
724 2625 757 2685 te
780 2615 941 2710 exquisiti
959 2615 1175 2688 invenientur
1190 2624 1217 2686 ¹.
1242 2647 1322 2678 ι·-

319 2741 474 2836 Denique
488 2738 672 2811 mulctatus
688 2735 824 2826 exsilio,
837 2735 880 2809 ad
894 2735 1058 2810 Curubim
1071 2737 1246 2833 proiectus
1254 2747 1321 2828 est,

203 2910 206 2917 ι
319 2859 1058 2957 comiteacsocioPontiodiaconoquiritam
1066 2861 1323 2959 Cyprianiscri·

318 2989 403 3084 psit.
421 2988 610 3060 Provincia
635 3009 718 3058 vero
738 2984 1012 3082 proconsularis,
1036 2987 1125 3058 inter
1146 2982 1324 3082 Neapolim

319 3121 355 3185 et
370 3112 551 3199 Horream,
564 3108 647 3183 illud
665 3108 810 3183 liberum
835 3131 857 3180 a
876 3109 985 3182 Plinio
999 3107 1164 3206 oppidum
1183 3108 1319 3182 dicitur.

319 3236 485 3309 APontio
498 3235 612 3308 locum
626 3233 818 3333 jucundum
835 3245 937 3330 atque
952 3256 1125 3307 amoennm
1143 3232 1252 3306 inisse
1265 3254 1325 3304 ac·
1397 3278 1403 3288 ι

320 3359 479 3456 cipimus,
497 3382 565 3455 quo
575 3370 706 3433 secreto
717 3370 752 3431 et
760 3358 845 3431 satis
854 3356 899 3430 ad
911 3356 1132 3431 habitandum
1142 3352 1325 3429 commodo

320 3506 403 3555 usus
421 3495 474 3557 est
488 3477 518 3554 ⁸.
534 3483 807 3558 Christianorum
820 3482 877 3555 hic
891 3492 926 3555 et
937 3481 1064 3554 civium
1076 3479 1272 3554 salutationi
1285 3500 1324 3552 se

320 3592 426 3678 dabat
446 3607 506 3702 qui
527 3608 561 3679 in
579 3618 753 3680 extorrem
765 3605 882 3680 officia
905 3603 1146 3696 cumulabant,
1163 3626 1325 3700 quorum·
1353 3704 1356 3709 ι

320 3752 389 3825 que
403 3737 474 3825 ejus
483 3736 588 3826 janua
601 3730 751 3828 quotidie
765 3730 958 3829 frequentia
970 3728 1218 3803 celebrabatur.
1237 3731 1324 3800 Cum

355 3973 377 4017 t.
393 3970 460 4017 Acta
470 3971 497 4017 s.
510 3969 636 4032 comunt
646 3982 691 4034 op.
705 3972 840 4033 dalnart,
854 3981 881 4036 p.
897 3972 954 4021 itt.

353 4058 378 4102 a.
394 4049 453 4102 vid.
470 4047 559 4116 Sbaw,
576 4053 596 4104 t.
606 4052 629 4117 1,
641 4066 667 4120 p.
679 4058 737 4106 20³.
749 4051 781 4106 de
791 4050 905 4107 Curubis
917 4050 981 4105 situ.
1003 4050 1086 4106 ilodic
1095 4052 1203 4105 (turbolt
1216 4049 1322 4109 dieitur.

320 4136 435 4197 noreio,
447 4146 474 4201 p.
487 4137 545 4185 ³00.
