3300 5272
501 416 648 477 Binan
678 417 849 479 ratuni
876 416 952 474 cvi
1228 424 1284 474 ποθ

687 820 773 887 CVl.

533 1084 618 1142 ino
647 1084 923 1145 Mansuetus

213 1419 278 1481 Leo
295 1417 459 1504 quondam
475 1417 646 1481 hominum
661 1418 757 1481 vitam
780 1415 988 1480 aemulabatur
1003 1418 1177 1504 optimam,
1192 1433 1288 1504 atque

169 1539 244 1606 ideo
259 1541 293 1604 in
315 1557 400 1605 vasta
424 1540 542 1631 degens
565 1540 731 1629 spelunca,
757 1563 989 1628 quamcumque
1014 1538 1154 1605 serarum
1168 1541 1288 1604 monti-

168 1665 310 1728 colarum
333 1663 443 1729 indole
457 1663 621 1753 praeditam
634 1663 900 1741 innocentissima
916 1680 1066 1747 noverat,
1079 1666 1170 1741 ,omni
1187 1665 1287 1730 comi·

168 1803 233 1851 tate
249 1787 346 1877 idque
358 1786 494 1853 candide
506 1789 695 1877 excipiebat.

212 1915 261 1976 Ac
278 1913 390 2001 aaepius
407 1913 467 1977 sub
483 1915 549 1999 ejus
563 1935 661 2002 specu
676 1911 826 2001 frequens
846 1912 1031 1978 bestiarum·
1044 1913 1288 2000 omnigenarum

168 2052 267 2101 coetus
282 2035 411 2125 placide
428 2037 658 2119 conveniebat,
684 2060 760 2125 quas
778 2036 845 2125 ipse
864 2060 982 2102 mensae
1006 2036 1182 2112 adhibebat
1204 2059 1285 2120 suae,

169 2161 270 2225 amice
300 2176 458 2243 tractans,
493 2178 528 2226 ut
557 2161 609 2227 lex
632 2176 680 2226 est
707 2160 892 2249 hospitum,
924 2176 956 2224 et
987 2162 1109 2224 cunctis
1132 2158 1288 2244 jucundos

169 2284 256 2348 laute
271 2307 436 2374 apponens
451 2285 551 2349 ciboa.

213 2409 483 2475 Contubernalem
495 2409 557 2474 sibi
568 2408 687 2475 fecerat
697 2425 728 2474 et
739 2410 874 2473 amicam
886 2408 1026 2497 vulpem,
1039 2430 1175 2494 quacum
1189 2406 1289 2487 multa

169 2548 276 2597 mente
293 2531 489 2621 disquirebat
505 2549 678 2598 mansueta.

212 2659 318 2744 Atque
334 2656 461 2721 vetulus
474 2655 604 2745 quidam
621 2657 731 2722 aimius
749 2657 915 2721 structoris
937 2655 1132 2745 fungebatur
1144 2677 1287 2735 munere,

168 2803 205 2844 ac
222 2782 366 2847 convivia
379 2783 523 2847 carnium
535 2798 641 2871 partes
657 2781 883 2846 distribuebat.
908 2781 989 2863 Qui,
1014 2782 1040 2845 ai
1058 2780 1129 2868 quia
1152 2780 1289 2859 venisset

167 3195 283 3258 oiypeaiia
294 3194 358 3258 apud
368 3195 431 3245 aiioa
446 3195 539 3244 dictum
555 3197 602 3256 eat,
621 3195 647 3244 in
664 3194 700 3244 in·
754 3195 800 3250 θεὶς
813 3196 853 3243 καὶ
865 3195 902 3243 ἐπ’
914 3193 1012 3249 ἀσπίδος
1029 3193 1110 3242 ἀσπίδ’
1130 3193 1228 3258 iprioae
1250 3193 1288 3243 ibi

168 3275 343 3337 terpretatione
352 3274 469 3337 pluralem
486 3286 616 3323 numerum
633 3272 702 3323 adhi·
753 3273 832 3323 nou.
844 3287 868 3337 p.
890 3279 935 3335 593
956 3273 1046 3323 collato
1057 3275 1161 3336 nuport.
1174 3272 1285 3325 Gnomoi.

170 3351 232 3401 buit.
248 3353 276 3402 rt
287 3351 410 3413 negator
425 3351 449 3401 d.
469 3352 555 3408 πέλτην
573 3351 614 3401 hic
629 3353 701 3401 talem
754 3351 784 3401 ad
795 3350 842 3400 ioc.
854 3357 925 3400 Rom.
935 3364 959 3414 p.
971 3355 1010 3401 9⁶.

169 3430 259 3481 babere
269 3442 377 3493 aeneum,
386 3443 460 3494 quem
473 3431 572 3494 reperiri
581 3431 616 3481 aii
627 3431 652 3479 in
664 3431 702 3480 iii-
788 3437 825 3481 ii.
843 3430 930 3483 suidaa
942 3443 950 3479 ι
961 3431 1096 3494 δαιτρεύειν,
1106 3429 1213 3494 μιρίζιιν.

168 3508 260 3559 oeatide
277 3508 308 3558 de
323 3507 439 3557 niomede
455 3522 480 3558 v.
500 3513 545 3558 514
562 3526 570 3558 ι
586 3509 703 3574 ζαχρύσου
789 3515 826 3561 ia.
840 3515 868 3571 Α,
881 3508 931 3559 teti
948 3526 991 3566 τις.
1004 3507 1140 3571 adscripsit
1154 3507 1229 3557 vird.
1244 3510 1286 3566 ὡς.

170 3586 273 3652 Θρῃκίοις
291 3588 376 3646 aiii-m
396 3586 459 3644 ἅναξ.
477 3586 523 3637 sed
544 3587 599 3650 quia
619 3587 702 3637 credet
755 3587 1042 3652 sednecaicprocodere
1053 3585 1285 3637 aanmtiavidetur.

170 3670 274 3718 cunctor
304 3665 428 3717 Diomedia
458 3665 549 3716 miiitea
575 3667 702 3731 ζαχρύσοις
754 3667 853 3719 correxi
865 3668 903 3728 ὃς,
920 3670 945 3717 et
955 3664 1146 3727 distinctionem,
1160 3678 1217 3728 qun
1228 3664 1286 3716 ini

169 3746 433 3810 mraegeasiaaeiiiat
447 3746 504 3803 ἄναξ
523 3747 617 3806 πέλτης,
632 3745 703 3809 pelta
755 3748 825 3810 piena
840 3749 878 3797 esi
895 3747 949 3810 posi
965 3745 1106 3810 διατριῦων,
1127 3743 1229 3794 moun.
1253 3750 1287 3796 De

169 3826 283 3878 dominus
292 3839 382 3887 aurem
392 3827 420 3875 ui
431 3826 493 3887 Aiax
503 3824 638 3875 ovidianna
648 3825 704 3887 init,
755 3825 933 3890 permutatione
946 3824 1065 3874 vocalium
1079 3841 1100 3873 ω
1113 3826 1138 3873 et
1149 3841 1163 3874 o
1175 3836 1245 3873 nemo
1256 3823 1287 3873 ii·

169 3905 284 3955 monente
295 3901 453 3953 wakeiiaidio
472 3901 575 3966 «clypei
592 3902 705 3952 dominua
756 3908 805 3955 tem
816 3904 942 3967 movebit,
954 3902 1015 3954 adeo
1026 3903 1092 3952 iiiam
1108 3901 1187 3953 reddit
1205 3916 1287 3967 perpe

170 3982 376 4049 septemplicia».
411 3980 536 4046 culpanda
567 3981 702 4046 prasertim
757 3988 824 4034 tuam
845 3983 1022 4048 pronunciatio.
1040 3981 1168 4044 Gregorius
1186 3987 1244 4032 itaz.
1261 3982 1287 4033 in

170 4066 224 4112 erat
236 4064 290 4112 viro
299 4062 324 4112 d.
340 4061 507 4125 interpretatio
521 4061 591 4112 verbi
606 4063 702 4127 ὶριϊσαι,
755 4062 817 4112 meia
826 4061 916 4112 anecd.
928 4065 969 4111 Gr.
981 4063 1000 4108 t.
1018 4064 1044 4119 i,
1057 4072 1080 4122 p.
1094 4065 1122 4110 it
1135 4073 1141 4107 :
1154 4060 1234 4125 ὥσπερ
1247 4063 1288 4111 καὶ

170 4140 236 4204 quod
252 4143 350 4190 noneat
362 4138 513 4190 reddendum
530 4145 625 4199 στῆσαι.
638 4146 703 4191 rona
755 4141 830 4204 φιλίας
841 4141 894 4205 ὅρος
905 4140 977 4189 ἐστίν.
995 4138 1066 4202 Quod
1084 4137 1235 4199 conjeceram
1252 4139 1288 4189 ia·

172 4219 303 4270 iocutionia
321 4222 358 4268 eat
381 4219 409 4269 ii.
429 4224 467 4280 it,
482 4223 527 4269 iio
544 4233 551 4267 :
575 4219 653 4276 Ἀσιιὶι
666 4219 703 4283 dp’
755 4218 861 4283 gendum
875 4219 950 4283 ὅσπερ
961 4219 1021 4268 mihi
1030 4216 1104 4267 oiiert
1112 4218 1237 4282 Georgidae
1249 4232 1288 4270 oo-

170 4299 251 4349 ἀσπίδ’
261 4298 340 4363 bride,
350 4297 419 4363 repo<
430 4296 511 4363 κόρυν,
520 4297 591 4364 ἀνέρα
603 4298 625 4347 δ’
635 4297 701 4363 doip.
756 4299 804 4349 dex
817 4298 849 4348 ab
859 4300 929 4361 Μηνᾷ
940 4297 996 4348 viro
1006 4296 1030 4346 d.
1042 4296 1102 4347 mibi
1119 4298 1287 4348 commodatur

171 4384 281 4445 Tyrtreua
291 4384 384 4440 fragm.
404 4384 418 4427 ²
434 4391 441 4426 τ
456 4378 504 4427 Καὶ
516 4379 579 4428 arido
591 4377 638 4442 πὰρ
649 4379 703 4428 arcii
757 4376 937 4429 humanitoima.
