3300 5272
530 460 677 519 nitunt!
708 460 874 520 FABULA
907 460 1035 518 xcvtt.
1287 470 1339 521 187

271 617 308 682 ld
324 618 438 681 merito
453 618 576 683 cunctis
593 619 752 708 significat
777 620 884 684 fabula
902 643 909 682 :
933 650 945 675 ι
963 621 1068 684 Nemo
1084 620 1124 684 ad
1141 623 1343 686 occasionem

226 774 238 797 α
254 743 337 805 sorte
350 742 519 822 valentior,
537 743 580 806 ob
595 742 627 806 id
647 744 818 808 insolescat
831 775 852 808 ν.

271 1002 474 1067 Conveniens
500 1018 548 1067 est
569 1004 631 1069 illis
654 1004 779 1086 fabula,
808 1007 882 1092 qui,
907 1005 1056 1070 fortuitas
1081 1023 1213 1094 propter
1235 1029 1341 1071 rerum

226 1125 480 1189 circumstantias
500 1148 537 1190 ac
553 1126 634 1209 loci,
653 1128 688 1191 iu
709 1128 909 1216 potentiores
923 1128 1064 1193 efferunt
1083 1152 1117 1193 se
1135 1130 1339 1193 insolentius.

712 1521 851 1587 XCVII.

598 1781 681 1839 tto
709 1782 764 1841 ΕΤ
790 1785 975 1845 TAURUS.

268 2072 376 2134 Tauro
390 2070 522 2134 silvestri
539 2070 591 2134 leo
609 2067 774 2157 quondam
790 2069 923 2133 iusidias
938 2068 1160 2134 meditabatur.

269 2197 309 2257 Et
333 2218 430 2283 quum
456 2193 553 2258 Matri
578 2193 721 2256 Deorum
741 2193 954 2257 simulavisset
977 2191 1187 2275 sacrificium,
1214 2208 1338 2257 taurum

225 2340 332 2381 secum
348 2332 384 2379 ut
397 2331 539 2380 coenaret
556 2286 787 2403 invitavitsqui
801 2330 973 2379 venturum
989 2337 1038 2396 se,
1053 2315 1134 2378 nihil
1147 2317 1342 2404 suspicatus,

224 2440 401 2529 respondit.

269 2563 434 2628 Accedens
450 2586 544 2646 vero,
560 2580 710 2652 stansque
725 2564 811 2628 fores
825 2579 900 2628 ante
917 2562 1083 2645 leoninas,
1098 2580 1133 2628 ut
1147 2563 1247 2628 multa
1262 2564 1342 2628 vidit

225 2689 328 2752 ahena
352 2688 446 2777 plena
473 2686 601 2770 calidae,
635 2688 772 2772 cultros,
798 2689 986 2771 machaeras,
1014 2688 1207 2753 ferramenta
1235 2688 1341 2753 bobus

225 2811 425 2876 decoriandis
448 2812 588 2877 abstersa
606 2834 719 2878 recens
741 2813 889 2902 rubigine
907 2811 1127 2903 splendentia,
1154 2811 1193 2877 ad
1209 2816 1339 2898 januam

225 2953 331 2999 autem
358 2935 420 3015 nil,
444 2950 557 3023 praeter
587 2935 721 3025 ligatum
748 2936 902 3026 galluium
931 2935 1161 3024 gallinaceum,
1197 2936 1276 3000 abiit
1305 2936 1339 2998 in

225 3076 368 3123 montem
398 3059 535 3148 fugiens.

267 3184 405 3264 Questus
422 3199 469 3247 est
483 3184 584 3247 serius
599 3183 729 3247 obviam
743 3183 791 3247 illi
806 3183 908 3247 factus
922 3182 985 3247 leo.

267 3307 327 3401 Cui
349 3321 476 3386 taurus,
507 3335 519 3362 a
538 3304 623 3370 Veni
641 3337 669 3388 n,
692 3306 817 3394 inquit,
846 3330 913 3371 rac
934 3308 1058 3371 venisse
1076 3329 1126 3369 me
1151 3321 1339 3394 argumento

225 3462 237 3485 ι
252 3427 451 3493 confirmabo
470 3451 478 3492 :
497 3451 565 3492 non
584 3445 652 3494 erat
666 3430 772 3494 hostia
791 3431 1011 3519 porculum».

267 3682 336 3746 Nos
360 3683 531 3746 submonet
554 3679 681 3762 fabula,
707 3697 743 3746 ut
759 3680 949 3771 impendens
967 3678 1086 3743 malum
1104 3679 1240 3742 omnino
1257 3697 1339 3765 prae-

224 3803 407 3888 videamus,
426 3822 633 3894 nostramque
645 3807 790 3895 ipsorum
809 3805 943 3870 salutem
960 3827 1027 3868 non
1042 3802 1250 3891 negligamus.

221 4148 318 4198 ἱκετεύω
329 4149 502 4212 cambum...
515 4150 625 4201 «ntem
639 4151 697 4215 πρὸς
712 4149 752 4198 αὖ·
837 4151 860 4198 7.
878 4145 982 4197 suidas:
995 4144 1288 4208 incimmemmaum
1297 4148 1339 4196 καὶ

219 4230 259 4278 τὸν
267 4229 305 4277 ἐπὶ
310 4229 338 4278 τὸ
344 4229 436 4279 δεῖπνον
444 4229 524 4295 ἠρώτα
534 4249 556 4278 ».
568 4235 629 4293 Qtlae
640 4228 752 4281 recensio
805 4226 965 4292 νιοκάθσρτον.

220 4309 300 4373 placet
310 4306 396 4371 magis.
836 4312 874 4357 tt.
892 4311 921 4369 t,
933 4304 1194 4371 τὸθῦῄατῷμαγιῑρφ.
