3300 5272
852 405 1003 491 cicun
1034 429 1204 490 riuum
1236 430 1287 487 vi.
1591 443 1625 490 17

555 592 645 658 Alter
658 609 772 658 contra
789 593 824 656 in
837 606 956 656 tectum
971 589 1078 654 statim
1093 589 1181 652 facto
1197 588 1293 669 saltu,
1304 587 1429 676 alisque
1444 591 1629 679 complosis,

506 734 723 799 cucurriebat.
748 734 856 817 Quem
871 731 978 820 aquila
1001 731 1131 819 rapiens
1146 752 1164 794 e
1183 745 1288 812 tecto,
1304 729 1394 795 abiit.

556 876 615 939 Ast
637 873 694 939 ille
709 874 856 940 soeminas
877 873 1078 954 circumibat,
1097 871 1263 937 meliorem
1281 872 1415 936 sortitus
1430 871 1531 936 cladis
1547 896 1631 937 mer-

510 1012 637 1079 cedem.

544 1156 685 1238 diemo,
711 1171 744 1220 et
768 1170 804 1219 tu
833 1177 1000 1242 nunquam
1026 1155 1070 1219 sis
1101 1154 1206 1218 verbis
1223 1153 1418 1242 jactantior,
1449 1155 1633 1242 siquando

514 1295 647 1363 fortuna
671 1297 735 1363 alio
764 1314 797 1362 te
820 1296 985 1362 sustulerit
1010 1296 1114 1360 altius.
1141 1295 1255 1360 Multis
1284 1293 1379 1360 saluti
1404 1294 1466 1359 luit
1492 1295 1634 1362 adversis

513 1460 649 1549 quoque
663 1439 763 1504 rebus
776 1440 925 1504 exerceri

1047 1785 1105 1850 Vl.

764 2043 987 2148 ¹l‘lSCil'l'Oll
1021 2044 1075 2103 ΕΤ
1105 2044 1375 2109 Pisciculus.

562 2344 706 2409 Piscator
721 2344 818 2406 maris
834 2341 953 2431 passim
969 2342 1043 2405 litus
1061 2339 1194 2421 radens,
1213 2365 1251 2407 ac
1264 2346 1354 2408 tenui
1368 2345 1493 2412 calamo
1509 2347 1636 2415 dulcem

515 2501 702 2551 sustentans
718 2486 834 2564 vitam,
848 2489 983 2572 parvuni
999 2474 1167 2570 quondam
1184 2484 1304 2570 piscem
1320 2501 1388 2549 seta
1403 2488 1490 2574 cepit
1506 2492 1636 2577 equina,

518 2649 632 2691 eorum
651 2626 797 2715 quisunt
812 2626 847 2687 in
862 2624 1056 2711 sartaginem
1071 2620 1192 2719 idonei.

561 2765 661 2831 Piscis
683 2783 791 2829 autem
811 2764 902 2827 illum
926 2763 972 2826 sic
995 2733 1192 2849 precabatur
1214 2762 1399 2852 palpitans:
1423 2797 1436 2822 ι
1450 2767 1539 2850 Quid
1562 2770 1640 2834 inde

518 2938 531 2964 ι
544 2906 623 2971 lucri
634 2906 779 2971 tibilaut
792 2905 905 2993 quanti
924 2926 976 2967 me
984 2900 1129 2966 vendes?
1144 2903 1270 2969 Statura
1291 2906 1377 2970 enim
1396 2907 1476 2972 mihi
1491 2910 1639 2975 nondum

519 3079 533 3103 ι
550 3063 599 3111 est
621 3046 782 3134 perlecta,
811 3044 931 3132 quippe
954 3063 1051 3129 quem
1068 3063 1174 3129 nuper
1198 3041 1240 3106 ad
1254 3042 1379 3108 hancce
1394 3068 1509 3134 rupem
1525 3049 1640 3135 pliycis

521 3401 642 3460 corayum
655 3411 680 3462 p.
699 3399 739 3458 23,
755 3397 872 3461 1τιὶγὰρ
882 3394 946 3452 αὖθις
957 3395 1055 3444 {natm
1106 3387 1203 3438 thelum
1224 3390 1312 3452 γλυκὺν
1330 3403 1379 3440 non
1396 3392 1567 3454 exspectabam
1585 3397 1641 3457 qist-

521 3479 638 3541 ιίσῆθῃς,
651 3478 699 3541 ἐγώ
718 3494 756 3528 σοι
773 3477 803 3526 τὰ
822 3482 864 3536 τῆς
883 3478 989 3541 ἁρπαγῆς
1006 3476 1054 3524 ἐπι-
1108 3465 1176 3530 (lem,
1186 3469 1261 3517 κακὸν
1275 3469 1396 3532 pollueex
1409 3470 1542 3530 moschet,
1555 3478 1579 3522 9.

521 3559 590 3615 &lto
608 3558 722 3622 ἐπίχειρα.
737 3576 770 3590 -
788 3577 800 3599 «ι
812 3555 935 3605 Meliorem
953 3554 1056 3604 sortitus
1139 3549 1162 3594 ³·
1176 3551 1215 3596 Fal
1226 3548 1606 3614 &purlalpuiffictpmducloiola
1618 3554 1642 3600 in

522 3636 599 3687 cladis
609 3636 745 3685 meseonem
758 3655 786 3695 ι,
805 3647 878 3697 quam
889 3634 971 3684 rivalis
983 3634 1055 3684 sorti·
1108 3626 1212 3689 Oppianl
1225 3629 1277 3676 Hal.
1292 3632 1317 3689 3,
1329 3633 1369 3689 75,
1379 3633 1424 3691 78,
1438 3629 1480 3679 ubi
1492 3629 1572 3679 forsan
1583 3635 1643 3682 acri·

521 3718 563 3766 lut
571 3718 623 3765 eret
632 3712 748 3764 rictorioe.
1108 3705 1215 3756 bendum
1228 3710 1331 3772 ὸρμιιὴν,
1345 3711 1460 3774 opperiri.
1473 3712 1646 3775 scriptumest

557 3799 594 3844 11.
615 3798 649 3854 Α,
668 3793 789 3841 ἀλλον-σι
807 3793 886 3842 πλέον.
907 3791 1057 3855 'transposui
1109 3787 1200 3850 ὀρμειαί
1219 3787 1244 3835 in
1262 3787 1383 3837 Theocriti
1396 3787 1431 3838 ld.
1442 3795 1488 3849 at,
1504 3795 1548 3851 11,
1571 3792 1644 3855 idqtie

522 3873 622 3936 propter
635 3872 748 3918 metmm.
1109 3865 1161 3914 sine
1172 3866 1301 3927 varietate,
1316 3871 1344 3916 ut
1354 3867 1457 3917 ridetur.

555 3957 581 4000 1³.
594 3955 634 3999 vt.
652 3949 720 3998 coni.
734 3953 820 4009 corcy.
832 3947 889 3997 Feb.
901 3950 956 4006 111,
974 3962 998 4011 p.
1016 3951 1056 4008 67,
1141 3948 1166 3994 1.
1184 3949 1213 4001 A.
1226 3948 1322 4009 ὡραῖον,
1333 3948 1401 4008 quod
1414 3948 1518 3997 mutari.

524 4033 586 4089 111,
602 4026 775 4077 avianusrab.
790 4031 828 4075 20.
1141 4030 1163 4072 5.
1180 4028 1214 4083 Α,
1243 4027 1256 4074 1
1277 4026 1298 4075 δ’
1316 4027 1384 4082 αὐτὸς
1407 4025 1483 4083 οὗτος.
1505 4030 1591 4080 Visum
1608 4037 1645 4082 est

558 4112 579 4157 1.
596 4111 626 4163 Α,
638 4106 715 4165 ἠϊόνα.
734 4104 922 4154 Rescribendum
935 4103 1056 4167 1ιιίῑῄὁνα,
1110 4105 1252 4166 rescribere,
1275 4109 1288 4156 t
1310 4108 1331 4155 t·
1356 4109 1427 4157 αὐτὸν
1442 4109 1525 4167 οὕτως,
1547 4113 1645 4162 rabutae

524 4185 603 4233 metro
611 4182 720 4245 jubente.
731 4181 1056 4244 suidasz'lltuutclymlis·
1111 4185 1205 4234 collatu
1216 4200 1221 4233 :
1233 4187 1321 4250 σμικρὰ
1334 4187 1359 4237 δὲ
1375 4186 1436 4237 οὖσα
1448 4189 1556 4250 (scilicet
1574 4201 1645 4256 capta

524 4263 602 4324 ἡῑὸνα,
615 4262 731 4325 αἰγιαλόν,
743 4263 824 4326 ὄχθην.
1111 4262 1209 4326 milit)
1223 4265 1324 4314 ἱκέτευεν
1338 4265 1418 4315 αὐτόν.

557 4348 581 4391 ²·
600 4343 719 4403 Atlfflli'
732 4339 843 4403 Mill)-
864 4339 1058 4400 lssaefflltblul·
1144 4345 1158 4390 8
1185 4348 1215 4402 A·
1234 4347 1301 4406 wlt
1313 4346 1389 4397 ἔκυσε.
1403 4349 1492 4413 Scripsi
1504 4352 1575 4400 metri
1586 4367 1646 4403 caira

523 4419 612 4470 ciendo
625 4418 716 4469 versui.
734 4420 819 4468 strides
829 4435 835 4468 ε
846 4421 921 4481 ζώων,
934 4425 988 4479 ζῶν.
1005 4421 1058 4484 Epi·
1111 4434 1148 4483 sa,
1157 4425 1224 4484 φυκὶς
1235 4423 1360 4477 tetam.
1374 4429 1435 4478 virle
1443 4435 1469 4479 1.
1482 4437 1506 4491 2,
1519 4445 1541 4479 n.
1553 4443 1576 4486 2,

1464 4555 1476 4591 ²
