<?xml version="1.0" encoding="UTF-8"?>
<!DOCTYPE html PUBLIC "-//W3C//DTD XHTML 1.0 Transitional//EN"
    "http://www.w3.org/TR/xhtml1/DTD/xhtml1-transitional.dtd">
<html xmlns="http://www.w3.org/1999/xhtml" xml:lang="en" lang="en">
 <head>
  <title>
</title>
<meta http-equiv="Content-Type" content="text/html;charset=utf-8" />
  <meta name='ocr-system' content='tesseract 3.04.00' />
  <meta name='ocr-capabilities' content='ocr_page ocr_carea ocr_par ocr_line ocrx_word'/>
</head>
<body>
  <div class='ocr_page' id='page_1' title='image "./desanctocyprian00blamgoog_0291.png"; bbox 0 0 3300 5272; ppageno 0'>
   <div class='ocr_carea' id='block_1_1' title="bbox 532 413 994 474">
    <p class='ocr_par' dir='ltr' id='par_1_1' title="bbox 532 413 994 474">
     <span class='ocr_line' id='line_1_1' title="bbox 532 413 994 474; baseline 0 -3"><span class='ocrx_word' id='word_1_1' title='bbox 532 413 680 472; x_wconf 68' lang='lat' dir='ltr'><strong>BABRH</strong></span> <span class='ocrx_word' id='word_1_2' title='bbox 713 413 994 474; x_wconf 73' lang='lat' dir='ltr'><strong>FRAGMENTA.</strong></span> 
     </span>
    </p>
   </div>
   <div class='ocr_carea' id='block_1_2' title="bbox 717 715 810 781">
    <p class='ocr_par' dir='ltr' id='par_1_2' title="bbox 717 715 810 781">
     <span class='ocr_line' id='line_1_2' title="bbox 717 715 810 781; baseline 0 0"><span class='ocrx_word' id='word_1_3' title='bbox 717 715 810 781; x_wconf 89' lang='lat' dir='ltr'><strong>Vlll.</strong></span> 
     </span>
    </p>
   </div>
   <div class='ocr_carea' id='block_1_3' title="bbox 249 938 1137 1033">
    <p class='ocr_par' dir='ltr' id='par_1_3' title="bbox 249 938 1137 1033">
     <span class='ocr_line' id='line_1_3' title="bbox 249 938 1137 1033; baseline 0.008 -30"><span class='ocrx_word' id='word_1_4' title='bbox 249 938 405 1005; x_wconf 88' lang='lat' dir='ltr'>Nondum</span> <span class='ocrx_word' id='word_1_5' title='bbox 424 957 551 1030; x_wconf 83' lang='lat' dir='ltr'>tempus</span> <span class='ocrx_word' id='word_1_6' title='bbox 566 957 615 1006; x_wconf 81' lang='lat' dir='ltr'>est</span> <span class='ocrx_word' id='word_1_7' title='bbox 630 943 792 1031; x_wconf 82' lang='lat' dir='ltr'><strong>palearum</strong></span> <span class='ocrx_word' id='word_1_8' title='bbox 807 943 988 1033; x_wconf 86' lang='lat' dir='ltr'>manipulos</span> <span class='ocrx_word' id='word_1_9' title='bbox 1002 946 1137 1010; x_wconf 83' lang='lat' dir='ltr'>solvere.</span> 
     </span>
    </p>
   </div>
   <div class='ocr_carea' id='block_1_4' title="bbox 731 1187 794 1252">
    <p class='ocr_par' dir='ltr' id='par_1_4' title="bbox 731 1187 794 1252">
     <span class='ocr_line' id='line_1_4' title="bbox 731 1187 794 1252; baseline -0.016 0"><span class='ocrx_word' id='word_1_10' title='bbox 731 1187 794 1252; x_wconf 89' lang='lat' dir='ltr'>lX.</span> 
     </span>
    </p>
   </div>
   <div class='ocr_carea' id='block_1_5' title="bbox 208 1406 1328 1746">
    <p class='ocr_par' dir='ltr' id='par_1_5' title="bbox 208 1406 1328 1746">
     <span class='ocr_line' id='line_1_5' title="bbox 254 1406 1325 1500; baseline 0.004 -28"><span class='ocrx_word' id='word_1_11' title='bbox 254 1406 371 1474; x_wconf 83' lang='lat' dir='ltr'>Gallus</span> <span class='ocrx_word' id='word_1_12' title='bbox 386 1427 493 1475; x_wconf 89' lang='lat' dir='ltr'>autem</span> <span class='ocrx_word' id='word_1_13' title='bbox 508 1409 707 1498; x_wconf 77' lang='lat' dir='ltr'><em>gallinaceus</em></span> <span class='ocrx_word' id='word_1_14' title='bbox 729 1433 769 1474; x_wconf 87' lang='lat' dir='ltr'>ex</span> <span class='ocrx_word' id='word_1_15' title='bbox 792 1409 912 1500; x_wconf 87' lang='lat' dir='ltr'>pertica</span> <span class='ocrx_word' id='word_1_16' title='bbox 938 1423 1033 1473; x_wconf 88' lang='lat' dir='ltr'>acuto</span> <span class='ocrx_word' id='word_1_17' title='bbox 1049 1406 1130 1474; x_wconf 86' lang='lat' dir='ltr'>dixit</span> <span class='ocrx_word' id='word_1_18' title='bbox 1145 1433 1217 1476; x_wconf 90' lang='lat' dir='ltr'>cum</span> <span class='ocrx_word' id='word_1_19' title='bbox 1235 1411 1325 1476; x_wconf 85' lang='lat' dir='ltr'>clan-</span> 
     </span>
     <span class='ocr_line' id='line_1_6' title="bbox 208 1530 1328 1623; baseline 0.003 -26"><span class='ocrx_word' id='word_1_20' title='bbox 208 1555 286 1622; x_wconf 79' lang='lat' dir='ltr'>gore</span> <span class='ocrx_word' id='word_1_21' title='bbox 304 1556 311 1597; x_wconf 93' lang='lat'>:</span> <span class='ocrx_word' id='word_1_22' title='bbox 329 1564 342 1589; x_wconf 67' lang='lat' dir='ltr'><strong><em>a</em></strong></span> <span class='ocrx_word' id='word_1_23' title='bbox 357 1530 453 1599; x_wconf 85' lang='lat' dir='ltr'>Unde</span> <span class='ocrx_word' id='word_1_24' title='bbox 480 1534 583 1600; x_wconf 82' lang='lat' dir='ltr'>disces</span> <span class='ocrx_word' id='word_1_25' title='bbox 613 1551 771 1623; x_wconf 86' lang='lat' dir='ltr'>quantum</span> <span class='ocrx_word' id='word_1_26' title='bbox 797 1534 953 1623; x_wconf 86' lang='lat' dir='ltr'>temporis</span> <span class='ocrx_word' id='word_1_27' title='bbox 978 1532 1018 1598; x_wconf 86' lang='lat' dir='ltr'>ad</span> <span class='ocrx_word' id='word_1_28' title='bbox 1050 1556 1199 1599; x_wconf 88' lang='lat' dir='ltr'>auroram</span> <span class='ocrx_word' id='word_1_29' title='bbox 1226 1558 1328 1623; x_wconf 88' lang='lat' dir='ltr'>usque</span> 
     </span>
     <span class='ocr_line' id='line_1_7' title="bbox 208 1656 1140 1746; baseline -0.001 -26"><span class='ocrx_word' id='word_1_30' title='bbox 208 1656 395 1746; x_wconf 84' lang='lat' dir='ltr'>«supersit,</span> <span class='ocrx_word' id='word_1_31' title='bbox 413 1680 511 1746; x_wconf 88' lang='lat' dir='ltr'>quum</span> <span class='ocrx_word' id='word_1_32' title='bbox 528 1659 617 1723; x_wconf 89' lang='lat' dir='ltr'>horae</span> <span class='ocrx_word' id='word_1_33' title='bbox 635 1658 787 1723; x_wconf 88' lang='lat' dir='ltr'>nuntium</span> <span class='ocrx_word' id='word_1_34' title='bbox 803 1681 856 1723; x_wconf 88' lang='lat' dir='ltr'>me</span> <span class='ocrx_word' id='word_1_35' title='bbox 875 1658 1062 1724; x_wconf 74' lang='lat' dir='ltr'>mactaveris</span> <span class='ocrx_word' id='word_1_36' title='bbox 1077 1656 1113 1719; x_wconf 75' lang='lat' dir='ltr'>»i</span> <span class='ocrx_word' id='word_1_37' title='bbox 1136 1678 1140 1685; x_wconf 86' lang='lat'><strong>·</strong></span> 
     </span>
    </p>
   </div>
   <div class='ocr_carea' id='block_1_6' title="bbox 744 1937 786 2001">
    <p class='ocr_par' dir='ltr' id='par_1_6' title="bbox 744 1937 786 2001">
     <span class='ocr_line' id='line_1_8' title="bbox 744 1937 786 2001; baseline -0.024 0"><span class='ocrx_word' id='word_1_38' title='bbox 744 1937 786 2001; x_wconf 89' lang='grc' dir='ltr'>Χ.</span> 
     </span>
    </p>
   </div>
   <div class='ocr_carea' id='block_1_7' title="bbox 195 2175 1329 2392">
    <p class='ocr_par' dir='ltr' id='par_1_7' title="bbox 195 2175 1329 2392">
     <span class='ocr_line' id='line_1_9' title="bbox 255 2175 1329 2267; baseline 0.001 -27"><span class='ocrx_word' id='word_1_39' title='bbox 255 2178 331 2241; x_wconf 85' lang='lat' dir='ltr'>Haec</span> <span class='ocrx_word' id='word_1_40' title='bbox 357 2193 466 2242; x_wconf 86' lang='lat' dir='ltr'>autem</span> <span class='ocrx_word' id='word_1_41' title='bbox 490 2176 631 2266; x_wconf 82' lang='lat' dir='ltr'>AEsopus</span> <span class='ocrx_word' id='word_1_42' title='bbox 645 2176 727 2241; x_wconf 88' lang='lat' dir='ltr'>dixit</span> <span class='ocrx_word' id='word_1_43' title='bbox 744 2175 935 2259; x_wconf 83' lang='lat' dir='ltr'>Sardianus,</span> <span class='ocrx_word' id='word_1_44' title='bbox 953 2198 1048 2267; x_wconf 86' lang='lat' dir='ltr'>quem</span> <span class='ocrx_word' id='word_1_45' title='bbox 1062 2175 1180 2266; x_wconf 83' lang='lat' dir='ltr'>Delphi</span> <span class='ocrx_word' id='word_1_46' title='bbox 1194 2179 1329 2243; x_wconf 80' lang='lat' dir='ltr'>recitau-</span> 
     </span>
     <span class='ocr_line' id='line_1_10' title="bbox 195 2300 833 2392; baseline 0.003 -27"><span class='ocrx_word' id='word_1_47' title='bbox 195 2300 196 2303; x_wconf 64' lang='grc'>’</span> <span class='ocrx_word' id='word_1_48' title='bbox 210 2316 275 2365; x_wconf 87' lang='lat' dir='ltr'>tem</span> <span class='ocrx_word' id='word_1_49' title='bbox 291 2301 433 2366; x_wconf 84' lang='lat' dir='ltr'>fabulam</span> <span class='ocrx_word' id='word_1_50' title='bbox 449 2325 516 2366; x_wconf 88' lang='lat' dir='ltr'>nou</span> <span class='ocrx_word' id='word_1_51' title='bbox 530 2303 614 2367; x_wconf 90' lang='lat' dir='ltr'>bene</span> <span class='ocrx_word' id='word_1_52' title='bbox 628 2318 833 2392; x_wconf 86' lang='lat' dir='ltr'>exceperunt.</span> 
     </span>
    </p>
   </div>
   <div class='ocr_carea' id='block_1_8' title="bbox 209 2756 1331 3220">
    <p class='ocr_par' dir='ltr' id='par_1_8' title="bbox 209 2756 1331 3220">
     <span class='ocr_line' id='line_1_11' title="bbox 210 2756 1329 2824; baseline 0.001 -16"><span class='ocrx_word' id='word_1_53' title='bbox 210 2770 241 2808; x_wconf 80' lang='lat' dir='ltr'>ex</span> <span class='ocrx_word' id='word_1_54' title='bbox 259 2758 380 2821; x_wconf 73' lang='lat' dir='ltr'>Apottouit</span> <span class='ocrx_word' id='word_1_55' title='bbox 400 2759 489 2809; x_wconf 75' lang='lat' dir='ltr'>[exies</span> <span class='ocrx_word' id='word_1_56' title='bbox 508 2771 532 2807; x_wconf 83' lang='lat' dir='ltr'>v.</span> <span class='ocrx_word' id='word_1_57' title='bbox 552 2756 631 2818; x_wconf 66' lang='grc' dir='ltr'>ἄειδε,</span> <span class='ocrx_word' id='word_1_58' title='bbox 654 2761 682 2806; x_wconf 88' lang='lat' dir='ltr'>ut</span> <span class='ocrx_word' id='word_1_59' title='bbox 706 2758 745 2807; x_wconf 81' lang='lat' dir='ltr'>est</span> <span class='ocrx_word' id='word_1_60' title='bbox 797 2757 855 2809; x_wconf 81' lang='lat' dir='ltr'>terri</span> <span class='ocrx_word' id='word_1_61' title='bbox 875 2761 969 2822; x_wconf 82' lang='lat' dir='ltr'>queunt</span> <span class='ocrx_word' id='word_1_62' title='bbox 983 2770 1041 2808; x_wconf 83' lang='lat' dir='ltr'>eum</span> <span class='ocrx_word' id='word_1_63' title='bbox 1055 2758 1226 2810; x_wconf 74' lang='lat' dir='ltr'>ultimorum</span> <span class='ocrx_word' id='word_1_64' title='bbox 1237 2759 1329 2824; x_wconf 67' lang='lat' dir='ltr'>proteu</span> 
     </span>
     <span class='ocr_line' id='line_1_12' title="bbox 209 2838 1330 2903; baseline -0.001 -14"><span class='ocrx_word' id='word_1_65' title='bbox 209 2840 302 2903; x_wconf 79' lang='lat' dir='ltr'>optime</span> <span class='ocrx_word' id='word_1_66' title='bbox 327 2840 470 2890; x_wconf 84' lang='lat' dir='ltr'>emendatus</span> <span class='ocrx_word' id='word_1_67' title='bbox 486 2853 502 2889; x_wconf 78' lang='lat' dir='ltr'>a</span> <span class='ocrx_word' id='word_1_68' title='bbox 518 2838 667 2902; x_wconf 73' lang='lat' dir='ltr'>Tyrwhitto.</span> <span class='ocrx_word' id='word_1_69' title='bbox 691 2845 745 2890; x_wconf 73' lang='lat' dir='ltr'>usn</span> <span class='ocrx_word' id='word_1_70' title='bbox 797 2838 898 2889; x_wconf 77' lang='lat' dir='ltr'>altatus</span> <span class='ocrx_word' id='word_1_71' title='bbox 915 2841 973 2889; x_wconf 81' lang='lat' dir='ltr'>ante</span> <span class='ocrx_word' id='word_1_72' title='bbox 991 2838 1089 2889; x_wconf 80' lang='lat' dir='ltr'>literam</span> <span class='ocrx_word' id='word_1_73' title='bbox 1105 2844 1145 2901; x_wconf 77' lang='grc' dir='ltr'>Ι,</span> <span class='ocrx_word' id='word_1_74' title='bbox 1162 2838 1230 2898; x_wconf 70' lang='grc' dir='ltr'>τήνδε</span> <span class='ocrx_word' id='word_1_75' title='bbox 1249 2839 1330 2903; x_wconf 63' lang='lat' dir='ltr'>pistos</span> 
     </span>
     <span class='ocr_line' id='line_1_13' title="bbox 209 2915 1330 2984; baseline -0.002 -15"><span class='ocrx_word' id='word_1_76' title='bbox 209 2921 321 2970; x_wconf 80' lang='lat' dir='ltr'>nominat</span> <span class='ocrx_word' id='word_1_77' title='bbox 330 2918 429 2984; x_wconf 82' lang='lat' dir='ltr'>quidem</span> <span class='ocrx_word' id='word_1_78' title='bbox 439 2919 578 2982; x_wconf 72' lang='lat' dir='ltr'>Apollonius</span> <span class='ocrx_word' id='word_1_79' title='bbox 589 2919 691 2969; x_wconf 71' lang='lat' dir='ltr'>mutilus</span> <span class='ocrx_word' id='word_1_80' title='bbox 702 2925 745 2970; x_wconf 81' lang='lat' dir='ltr'>lta·</span> <span class='ocrx_word' id='word_1_81' title='bbox 797 2915 877 2967; x_wconf 63' lang='lat' dir='ltr'>tutto».</span> <span class='ocrx_word' id='word_1_82' title='bbox 889 2923 968 2980; x_wconf 83' lang='lat' dir='ltr'>Quam</span> <span class='ocrx_word' id='word_1_83' title='bbox 984 2919 1046 2969; x_wconf 86' lang='lat' dir='ltr'>male</span> <span class='ocrx_word' id='word_1_84' title='bbox 1055 2919 1174 2969; x_wconf 79' lang='lat' dir='ltr'>tractatus</span> <span class='ocrx_word' id='word_1_85' title='bbox 1185 2916 1258 2968; x_wconf 77' lang='lat' dir='ltr'>tuerit</span> <span class='ocrx_word' id='word_1_86' title='bbox 1269 2923 1330 2967; x_wconf 63' lang='lat' dir='ltr'>uso·</span> 
     </span>
     <span class='ocr_line' id='line_1_14' title="bbox 211 2997 1329 3063; baseline -0.001 -14"><span class='ocrx_word' id='word_1_87' title='bbox 211 2999 306 3061; x_wconf 79' lang='lat' dir='ltr'>brium3</span> <span class='ocrx_word' id='word_1_88' title='bbox 319 2998 361 3049; x_wconf 82' lang='lat' dir='ltr'>sed</span> <span class='ocrx_word' id='word_1_89' title='bbox 371 2999 414 3048; x_wconf 78' lang='lat' dir='ltr'>vix</span> <span class='ocrx_word' id='word_1_90' title='bbox 425 2999 534 3049; x_wconf 81' lang='lat' dir='ltr'>dubitari</span> <span class='ocrx_word' id='word_1_91' title='bbox 545 3001 626 3063; x_wconf 82' lang='lat' dir='ltr'>potest</span> <span class='ocrx_word' id='word_1_92' title='bbox 635 2999 668 3049; x_wconf 89' lang='lat' dir='ltr'>ob</span> <span class='ocrx_word' id='word_1_93' title='bbox 677 3012 745 3062; x_wconf 79' lang='lat' dir='ltr'>argu·</span> <span class='ocrx_word' id='word_1_94' title='bbox 797 3013 845 3063; x_wconf 81' lang='lat' dir='ltr'>pus</span> <span class='ocrx_word' id='word_1_95' title='bbox 852 3012 868 3048; x_wconf 80' lang='lat' dir='ltr'>s</span> <span class='ocrx_word' id='word_1_96' title='bbox 875 2998 975 3062; x_wconf 73' lang='lat' dir='ltr'>Delphis</span> <span class='ocrx_word' id='word_1_97' title='bbox 983 2998 1035 3062; x_wconf 84' lang='lat' dir='ltr'>qui,</span> <span class='ocrx_word' id='word_1_98' title='bbox 1044 2999 1099 3061; x_wconf 85' lang='lat' dir='ltr'>ejus</span> <span class='ocrx_word' id='word_1_99' title='bbox 1106 2998 1221 3063; x_wconf 86' lang='lat' dir='ltr'>toqueudi</span> <span class='ocrx_word' id='word_1_100' title='bbox 1234 2997 1329 3048; x_wconf 78' lang='lat' dir='ltr'>liberta·</span> 
     </span>
     <span class='ocr_line' id='line_1_15' title="bbox 209 3076 1331 3145; baseline 0.001 -19"><span class='ocrx_word' id='word_1_101' title='bbox 209 3080 320 3127; x_wconf 89' lang='lat' dir='ltr'>mentum</span> <span class='ocrx_word' id='word_1_102' title='bbox 341 3078 512 3145; x_wconf 70' lang='lat' dir='ltr'>metrumque,</span> <span class='ocrx_word' id='word_1_103' title='bbox 530 3080 556 3127; x_wconf 89' lang='lat' dir='ltr'>et</span> <span class='ocrx_word' id='word_1_104' title='bbox 570 3076 671 3140; x_wconf 73' lang='lat' dir='ltr'>postiae</span> <span class='ocrx_word' id='word_1_105' title='bbox 691 3088 743 3125; x_wconf 83' lang='lat' dir='ltr'>ors·</span> <span class='ocrx_word' id='word_1_106' title='bbox 795 3081 847 3129; x_wconf 86' lang='lat' dir='ltr'>tem</span> <span class='ocrx_word' id='word_1_107' title='bbox 857 3092 907 3129; x_wconf 90' lang='lat' dir='ltr'>uon</span> <span class='ocrx_word' id='word_1_108' title='bbox 919 3079 1032 3140; x_wconf 79' lang='lat' dir='ltr'>terentes,</span> <span class='ocrx_word' id='word_1_109' title='bbox 1041 3079 1109 3129; x_wconf 81' lang='lat' dir='ltr'>illum</span> <span class='ocrx_word' id='word_1_110' title='bbox 1119 3078 1150 3129; x_wconf 88' lang='lat' dir='ltr'>de</span> <span class='ocrx_word' id='word_1_111' title='bbox 1165 3091 1225 3141; x_wconf 82' lang='lat' dir='ltr'>rupe</span> <span class='ocrx_word' id='word_1_112' title='bbox 1242 3083 1331 3140; x_wconf 65' lang='lat' dir='ltr'>nram·</span> 
     </span>
     <span class='ocr_line' id='line_1_16' title="bbox 209 3154 1330 3220; baseline -0.002 -14"><span class='ocrx_word' id='word_1_113' title='bbox 209 3156 283 3206; x_wconf 76' lang='lat' dir='ltr'>tionis</span> <span class='ocrx_word' id='word_1_114' title='bbox 302 3154 453 3218; x_wconf 82' lang='lat' dir='ltr'>bonitatem,</span> <span class='ocrx_word' id='word_1_115' title='bbox 471 3157 531 3220; x_wconf 85' lang='lat' dir='ltr'>qutu</span> <span class='ocrx_word' id='word_1_116' title='bbox 549 3168 637 3206; x_wconf 79' lang='lat' dir='ltr'>versus</span> <span class='ocrx_word' id='word_1_117' title='bbox 658 3169 745 3207; x_wconf 76' lang='lat' dir='ltr'>revers</span> <span class='ocrx_word' id='word_1_118' title='bbox 798 3157 852 3220; x_wconf 80' lang='lat' dir='ltr'>peis</span> <span class='ocrx_word' id='word_1_119' title='bbox 863 3156 1091 3220; x_wconf 70' lang='lat' dir='ltr'>praeeipitererunt,</span> <span class='ocrx_word' id='word_1_120' title='bbox 1103 3159 1229 3205; x_wconf 78' lang='lat' dir='ltr'>narratum</span> <span class='ocrx_word' id='word_1_121' title='bbox 1245 3168 1260 3204; x_wconf 79' lang='lat' dir='ltr'>a</span> <span class='ocrx_word' id='word_1_122' title='bbox 1276 3155 1330 3204; x_wconf 71' lang='lat' dir='ltr'>Pta-</span> 
     </span>
    </p>
   </div>
   <div class='ocr_carea' id='block_1_9' title="bbox 210 3232 1234 3298">
    <p class='ocr_par' dir='ltr' id='par_1_9' title="bbox 210 3232 1234 3298">
     <span class='ocr_line' id='line_1_17' title="bbox 210 3232 1234 3298; baseline -0.005 -12"><span class='ocrx_word' id='word_1_123' title='bbox 210 3237 259 3286; x_wconf 84' lang='lat' dir='ltr'>siut</span> <span class='ocrx_word' id='word_1_124' title='bbox 270 3235 388 3287; x_wconf 67' lang='lat' dir='ltr'>hebetant.</span> <span class='ocrx_word' id='word_1_125' title='bbox 404 3236 484 3287; x_wconf 77' lang='lat' dir='ltr'>verbu</span> <span class='ocrx_word' id='word_1_126' title='bbox 498 3236 585 3298; x_wconf 69' lang='lat' dir='ltr'>asom</span> <span class='ocrx_word' id='word_1_127' title='bbox 603 3237 676 3298; x_wconf 78' lang='grc' dir='ltr'><strong>μῦθον</strong></span> <span class='ocrx_word' id='word_1_128' title='bbox 688 3248 745 3285; x_wconf 82' lang='lat' dir='ltr'>eon·</span> <span class='ocrx_word' id='word_1_129' title='bbox 798 3233 863 3285; x_wconf 84' lang='lat' dir='ltr'>uude</span> <span class='ocrx_word' id='word_1_130' title='bbox 874 3236 919 3296; x_wconf 74' lang='lat' dir='ltr'>est,</span> <span class='ocrx_word' id='word_1_131' title='bbox 928 3234 1011 3297; x_wconf 81' lang='lat' dir='ltr'>suida,</span> <span class='ocrx_word' id='word_1_132' title='bbox 1022 3233 1161 3294; x_wconf 78' lang='lat' dir='ltr'>Plutarcho,</span> <span class='ocrx_word' id='word_1_133' title='bbox 1171 3232 1234 3283; x_wconf 79' lang='lat' dir='ltr'>altis.</span> 
     </span>
    </p>
   </div>
   <div class='ocr_carea' id='block_1_10' title="bbox 0 0 1662 5272">
    <p class='ocr_par' dir='ltr' id='par_1_10' title="bbox 0 0 1662 5272">
     <span class='ocr_line' id='line_1_18' title="bbox 0 0 1662 5272; baseline 0 0"><span class='ocrx_word' id='word_1_134' title='bbox 0 0 1662 5272; x_wconf 95' lang='lat' dir='ltr'> </span> 
     </span>
    </p>
   </div>
  </div>
 </body>
</html>
