3300 5272
539 427 683 487 BABllll
715 429 882 490 Fatuus
916 429 1011 488 XCV.
1283 438 1337 488 tro

221 634 233 657 a
249 603 368 691 pardus
392 606 592 690 iracundior,
604 610 777 694 jactantior
791 609 883 699 tigris
898 624 931 673 et
947 609 1083 672 omnino
1098 607 1246 698 solivaga.
1263 611 1337 674 Cer·

220 793 233 818 n
247 787 318 827 vam
346 780 419 830 ante
444 789 556 832 omnes
582 769 719 857 imperio
740 786 849 834 censet
873 792 941 834 esse
965 768 1201 857 dignissimam
1228 770 1281 833 cui
1299 772 1340 834 sit

221 923 353 989 «forma
377 925 512 1007 nobilis,
539 927 664 1016 vitaque
687 928 892 1017 longissima,
921 945 953 992 et
976 950 1099 991 cornua
1121 928 1245 991 cunctis
1268 950 1337 992 me-

220 1083 366 1148 «tuenda
383 1083 477 1166 feris,
496 1086 667 1151 arboribus
691 1086 825 1168 similia,
851 1108 911 1150 nec
935 1086 1040 1174 qualia
1068 1102 1142 1149 sunt
1160 1101 1336 1150 taurorum.

223 1271 235 1293 ι
251 1241 338 1323 Quid
351 1244 441 1332 plura
455 1244 604 1310 narrem?
621 1260 755 1334 excepto
775 1243 863 1333 quod
879 1244 994 1308 electio
1010 1259 1077 1308 rata
1092 1245 1135 1307 sit
1154 1259 1226 1325 tua,
1246 1266 1339 1307 mox-

223 1425 315 1490 «que
338 1405 528 1470 animalibus
559 1408 631 1491 jura
666 1420 785 1472 statues
817 1405 1019 1492 montiuagis.
1046 1404 1139 1468 Tune
1168 1402 1340 1490 vulpeculae

222 1592 235 1617 α
250 1562 433 1627 meminisse
447 1561 604 1652 digneris,
622 1565 780 1646 Domina,
801 1587 872 1652 quae
897 1564 998 1652 prima
1015 1563 1074 1626 tibi
1099 1561 1208 1650 gaudii
1231 1560 1341 1625 adsum

222 1722 378 1785 muncia.
407 1721 455 1785 Ad
483 1723 546 1801 hoc
571 1723 654 1787 veni.
685 1725 743 1787 Ast
768 1722 858 1803 vale,
891 1721 1105 1787 dilectissima.
1130 1721 1273 1809 Propero
1299 1720 1342 1785 ad

223 1881 395 2019 «leonepr,
410 1904 451 1944 ne
468 1903 578 1945 rursus
591 1904 643 1945 me
659 1898 788 1969 quaerat.
807 1882 917 1945 Utitur
933 1881 1019 1944 enim
1036 1882 1154 1944 uostris
1173 1881 1211 1943 ad
1228 1894 1343 1943 cuncta

224 2072 236 2095 ο
252 2041 406 2106 consiliis.
418 2045 466 2106 Ac
479 2057 511 2103 te
529 2041 644 2120 etiam,
664 2038 746 2122 filia,
762 2057 1007 2130 properaturam
1021 2064 1104 2105 reor.
1122 2041 1156 2105 Si
1168 2038 1246 2128 quid
1262 2062 1343 2104 cano

223 2200 354 2264 «credis
369 2201 484 2288 capiti,
498 2199 622 2264 assidue
637 2199 685 2262 illi
696 2215 727 2263 te
743 2198 836 2263 decet
853 2198 1011 2280 assidere,
1030 2215 1063 2263 et
1083 2221 1201 2286 aegrum
1219 2221 1343 2261 sermo-

225 2391 237 2415 a
254 2360 347 2423 nibus
371 2358 501 2447 erigere.
531 2358 704 2421 Levissima
720 2357 793 2421 illos
818 2372 943 2445 queunt
957 2356 1145 2445 persuadere
1165 2357 1220 2443 qui
1241 2371 1344 2420 extre·

226 2547 238 2569 ο
256 2539 323 2580 mas
337 2516 460 2581 ducunt
474 2518 581 2582 horas.
601 2518 811 2583 Morientium
824 2518 938 2582 animae
951 2519 1072 2581 suntin
1087 2517 1188 2581 oculis
1206 2548 1234 2581 ι.

270 2746 323 2809 Sic
344 2745 430 2810 fatur
445 2761 548 2810 astuta
571 2746 693 2835 vulpes.
719 2746 761 2810 Et
775 2769 876 2810 cervae
898 2770 989 2811 mens
1004 2746 1085 2811 lictis
1099 2746 1207 2811 inllata
1226 2769 1347 2811 sermo·

228 2907 321 2971 nibus
333 2907 505 2989 intumuit,
521 2929 696 2996 cavamque
707 2908 796 2973 venit
807 2908 884 2972 ferae
898 2908 1101 2997 speluncam,
1119 2909 1218 2973 inscia
1237 2908 1345 2972 futuri.

270 3128 377 3211 Atque
397 3124 448 3188 leo
475 3144 493 3188 e
517 3124 615 3188 cubili
639 3124 911 3190 inconsideratius
935 3125 1055 3215 impete
1078 3125 1165 3189 laeto
1185 3125 1348 3213 unguibus

229 3306 320 3348 aures
340 3282 490 3348 laceravit
516 3285 683 3366 extremis,
709 3282 916 3349 festinatione
941 3285 1122 3348 concitatus
1150 3284 1258 3346 nimia.
1282 3283 1347 3346 Mi·

229 3439 340 3506 sellam
355 3465 432 3506 vero
445 3441 520 3531 fuga
536 3442 695 3531 perfores
710 3459 798 3507 recto
809 3443 913 3531 rapuit
926 3443 1053 3507 tramite
1063 3441 1184 3507 medias
1198 3442 1231 3505 in
1243 3440 1345 3506 silvas.

273 3655 320 3716 Ac
346 3651 459 3740 vulpes
489 3654 599 3718 ambas
624 3653 796 3742 complosit
825 3676 953 3735 manus,
980 3652 1068 3741 quod
1088 3651 1182 3717 labor
1202 3651 1347 3739 periisset

229 4081 268 4114 σοι
277 4065 422 4130 παριδοοὺοιν
434 4065 561 4126 ἐλθοῦσαν,
576 4068 651 4129 atque
660 4064 692 4115 de
702 4065 759 4115 scri·
813 4064 844 4114 de
862 4064 992 4128 Pompeio.
1013 4077 1087 4127 quem
1111 4063 1179 4112 false
1199 4062 1230 4112 de
1252 4067 1347 4114 cesare

231 4144 312 4194 hendo
329 4144 441 4209 ἐλθούσῃ,
455 4144 533 4195 inrito
544 4147 639 4204 metro,
660 4144 758 4205 cogitet.
812 4144 964 4194 narrationes
979 4155 1041 4193 rana
1058 4139 1220 4205 impleverant
1234 4155 1277 4206 spe
1288 4156 1295 4192 :
1306 4139 1347 4192 tat

230 4224 345 4285 Syntaxis
353 4227 391 4274 est
401 4236 450 4274 nou
462 4236 517 4273 rara
526 4258 535 4284 ‚
545 4224 581 4273 sic
594 4221 759 4273 instituenda:
814 4223 905 4278 τούτοις
916 4222 1039 4282 noueram<
1050 4221 1188 4285 ἐχαυνοῦτο.

230 4304 314 4369 ἔπρεπέ
324 4302 363 4354 σοι
372 4301 484 4353 umam
494 4303 677 4368 σοκοριδρώιιν
688 4300 760 4365 αὐτῷ.
847 4304 886 4350 tt.
905 4300 1047 4350 masmine
1057 4300 1150 4365 pomp.
1161 4302 1199 4349 tt.

263 4389 302 4432 aa.
322 4383 469 4448 Έχαοοώοη)
483 4381 627 4432 eluamus
642 4387 702 4432 rm.
723 4385 762 4441 aa,
845 4384 884 4428 aa.
901 4383 931 4441 s,
943 4380 1061 4436 meum.

1162 4511 1195 4550 ld,-
