3300 5272
527 433 675 492 lesltll
703 431 878 495 l'sltllta
905 433 1053 495 Llllllll.
1293 447 1346 499 tst

229 593 496 668 renunciaturos,
522 594 585 658 nisi
613 593 707 659 illum
731 593 895 676 hirundo,
922 611 958 659 ut
982 595 1209 678 Atheniensis,
1233 601 1348 664 convi-

226 716 342 798 cisset,
358 716 460 805 prima
474 717 617 806 plumam
634 716 786 796 avellens.

272 840 331 902 Cui
347 838 518 930 graculus:
536 871 549 896 ι
564 840 613 904 Ne
627 863 754 905 mecum
770 863 845 929 agas
861 840 1111 929 sycophantiose
1127 874 1151 906 s.

272 963 314 1025 Et
329 961 420 1025 illum
441 960 517 1025 ideo
536 976 641 1025 turtur
660 961 839 1043 lacerabat,
862 976 894 1024 et
917 958 1031 1025 turdus
1049 976 1082 1025 et
1100 963 1190 1049 pica,
1214 984 1348 1051 quoque

227 1080 313 1148 ludit
330 1082 365 1147 in
390 1084 546 1174 sepulcris
571 1083 706 1165 cassita,
733 1098 766 1147 et
780 1080 1034 1171 imprudentium
1049 1083 1202 1172 accipiter
1215 1084 1348 1150 insidia·

226 1221 279 1271 tor
293 1205 480 1288 volucrum,
503 1222 680 1295 ceteraeque
694 1207 813 1296 pariter
831 1229 913 1271 sves.

271 1330 319 1393 Ac
334 1328 481 1418 graculus
495 1329 623 1418 agnitus
637 1331 749 1418 patuit.

271 1453 301 1515 0
326 1475 417 1540 puer,
436 1467 467 1517 tc
490 1454 597 1544 ipsum
625 1469 742 1518 ornatu
767 1475 887 1517 exorna
906 1453 1061 1542 proprio,
1081 1453 1188 1518 alieno
1212 1456 1346 1520 enimsi

227 1577 422 1663 conspicuus
441 1574 601 1665 prodibis,
618 1576 673 1640 illo
690 1576 879 1665 privaberis.

271 1828 370 1911 Quod
388 1831 442 1917 qui
460 1830 600 1894 nothum
618 1830 679 1895 sibi
701 1847 735 1896 et
757 1830 930 1895 ascititium
953 1828 1157 1895 circumdant
1179 1846 1345 1914 ornatum,

165 1960 168 1965 ’
226 1951 397 2041 alienaque
418 1954 611 2042 superbiunt
631 1952 869 2042 pulcritudine,
895 1953 946 2017 his
971 1953 998 2017 si
1018 1954 1103 2017 forte
1121 1951 1344 2035 nudabuntur,

225 2079 324 2142 risum
341 2078 490 2170 deinceps
508 2096 659 2145 moveant
677 2082 930 2170 spectatoribus,
951 2081 1007 2169 qui
1030 2101 1086 2144 eos
1099 2077 1260 2166 principio
1277 2100 1345 2142 non

226 2221 432 2291 agnoverant.

268 3202 386 3265 Milvus
413 3200 511 3264 alium
546 3222 642 3288 quam
681 3222 786 3279 nunc,
823 3215 968 3277 acutum,
1001 3198 1116 3261 habuit
1147 3197 1341 3286 clangorem.

188 3602 192 3608 '
255 3604 291 3648 ss.
309 3602 337 3658 Α,
355 3598 414 3647 ost.
431 3596 519 3647 sullas
532 3611 539 3645 :
554 3600 756 3660 cummim&
809 3598 886 3647 orites
901 3596 1057 3658 insaupdldtot
1076 3595 1247 3660 ιορυδαλλίδες,
1264 3594 1298 3645 ld·
1315 3598 1340 3657 t,

222 3679 313 3740 ψευδῶς
322 3693 381 3731 τινος
394 3679 538 3741 κατηγορεῖν.
548 3677 609 3738 Apte
622 3675 672 3725 hoc
681 3675 756 3725 verbo
808 3680 855 3725 tt:
866 3676 972 3738 λέγονται
987 3674 1143 3736 impolitos
1162 3675 1198 3723 ὅτι
1213 3674 1291 3737 τάφοις
1309 3675 1341 3728 ὡς

222 3768 282 3805 usus
293 3755 331 3803 est
339 3752 543 3815 graculumvem
551 3751 690 3815 alloquutus
698 3753 755 3803 atti·
807 3752 906 3801 ἐπιπολὺ
923 3751 1115 3818 ἐνδιατρίΰονσιν.
1133 3750 1200 3801 Adde
1220 3750 1290 3800 secl.
1309 3751 1341 3800 ad

221 3839 355 3882 cam.1lsm
372 3832 471 3882 ltbenis
481 3831 584 3882 florebat
601 3830 671 3881 valde
688 3844 755 3894 syoo
807 3837 869 3882 Aves
879 3835 932 3881 tn.

220 3909 368 3972 pusularum
379 3909 455 3960 natica
837 3916 877 3963 ts.
893 3917 923 3973 Α,
930 3913 971 3960 καὶ
983 3910 1095 3970 luuntur
1104 3910 1196 3973 undas
1207 3908 1341 3971 molesios

253 3992 292 4039 sl.
311 3993 339 4038 ln
354 3988 401 4053 ἄρα
410 3990 448 4038 est
459 3986 539 4051 prims
547 3985 619 4051 longa
624 4021 633 4049 ,
646 3984 713 4050 quod
726 3987 755 4037 tit
806 3988 894 4053 scripsi
902 3988 1085 4048 audaciuscule,
1093 3985 1158 4050 quod
1166 3985 1254 4036 saltem
1264 3988 1341 4039 lector

220 4065 319 4127 saepius.
806 4068 1018 4131 dissuetudo,
1035 4068 1135 4133 ιφιερος.
1155 4056 1281 4119 murs
1299 4082 1340 4120 ex·

253 4150 292 4193 25.
306 4142 390 4204 nnc,
402 4142 537 4207 κορυδσλὸς·
549 4146 576 4194 et
590 4143 680 4194 iterum
696 4156 753 4194 cum
806 4145 947 4209 plicabunt,
969 4147 1013 4195 aut
1036 4145 1158 4196 acutiores
1178 4146 1343 4200 emendabunt

223 4235 273 4272 uno
290 4220 387 4271 lambda
403 4220 429 4270 ln
447 4220 530 4272 tabula
551 4225 591 4273 87.
610 4222 670 4273 vide
689 4228 754 4272 lluo-
807 4224 1034 4276 melluslectlonem
1043 4225 1288 4289 lpum-tuldas:
1303 4229 1342 4286 νή·

220 4300 304 4350 chium
317 4314 342 4362 p.
355 4304 408 4351 tas.
418 4299 489 4363 Quod
499 4300 754 4366 sequiturttvrtpolz
805 4321 867 4364 πως
877 4306 966 4370 ἄφρων,
978 4304 1086 4365 ἀνόητος.

221 4377 310 4434 παίζων
322 4375 453 4428 illustrabit
471 4377 614 4428 scholiastes
630 4377 661 4428 ad
676 4378 753 4430 Theo·
838 4390 864 4434 u:
873 4389 974 4434 Lxlllll.
983 4384 1021 4435 ct.
1030 4392 1117 4450 corcy.
1127 4393 1155 4438 F.
1168 4392 1223 4449 2933
1232 4387 1343 4439 lulianus
