3300 5272
560 440 613 488 ΚΑΙ
629 433 794 488 ΙΟΥΣΤΙΝΗΣ
808 433 888 483 ΒΙΟΣ.
1167 423 1228 494 191

221 569 279 659 οὐχ
295 566 346 630 ἵνα
368 551 499 632 τούτουί
527 565 601 632 ποτέ
624 563 796 654 κατισχύσγ
822 548 930 653 (ᾔδη’
944 558 1003 655 γὰρ
1022 569 1063 641 ὡς
1082 555 1232 634 ἀδύνατον

222 693 307 776 αὐτῷ
326 686 529 781 περιγίνεσθαι
546 676 754 781 Κυπριανοῶ)·
769 685 839 752 αλλ’
856 684 907 751 ἵνα
921 685 1063 775 ποιμένος
1080 686 1179 780 ἔρημα
1192 687 1234 755 τά

221 800 387 909 Χριστοῦέ
412 806 559 906 πρύύατα
579 811 718 903 θέμενος,
743 809 816 878 τότε
838 806 973 899 καθάπερ
1002 808 1094 887 λύκος
1126 804 1235 890 ἐπιθέις

222 939 297 1031 θύσῃ
312 946 411 1006 ταῦτα
424 935 477 1004 καὶ
490 936 637 1028 ἀπολέσῃ.

275 1048 359 1132 ὅλον
378 1059 480 1129 τοίνυν
504 1060 559 1129 τὸν
581 1059 687 1127 Δέκιον
707 1057 842 1126 ύπελθένν
860 1042 969 1149 (αὐτὸς
990 1055 1049 1153 γάρ
1074 1056 1145 1126 τότε
1167 1043 1238 1127 Ῥω.

223 1187 321 1280 μαίιον
339 1172 488 1278 ἐκροίτει),
511 1183 686 1274 πικρότατα
704 1190 818 1249 τοῦτον
832 1178 968 1274 ’ἐκραίνει
986 1177 1069 1249 κατέι
1086 1177 1239 1275 Χριάτια·

223 1318 293 1377 νῶν·
311 1320 357 1397 τῷ
376 1301 412 1376 θέ
430 1294 602 1386 τοσοῦτος”
622 1308 705 1400 ἀγὼν
730 1303 767 1380 ἦν
787 1294 865 1372 ίθιον
889 1308 981 1373 αὐτοῦ
1001 1305 1122 1400 θήραμα
1139 1304 1241 1375 θέσθαι

223 1432 410 1529 Κυπριακὸν,
426 1436 496 1501 ὅσον
510 1425 584 1501 οὐδὲ
598 1431 802 1526 Χριστιανούς
819 1434 896 1497 ἐλεῒν
917 1431 1067 1510 ἅπαντας.
1089 1414 1167 1525 ῌθει
1181 1431 1239 1528 γὰρ

223 1554 286 1626 οἷον
303 1558 413 1625 ἐκείνου
425 1545 439 1586 ⁵
451 1563 578 1650 γλῶττα
591 1559 788 1648 Χριστιανοῖς
802 1554 908 1645 ὄφελος
918 1540 944 1638 ⁶,
960 1555 1012 1622 καὶ
1029 1558 1077 1622 ὅτι
1092 1557 1148 1650 πέρ
1166 1560 1240 1625 ἐκεῖ·

223 1708 273 1749 νον
284 1685 360 1749 ἐλῶν
370 1680 423 1747 καὶ
432 1681 503 1761 τοὺς
511 1685 564 1748 ὑπ’
575 1683 658 1765 αύτῷ
670 1664 1085 1772 ποιμαινομένουςέεύαολως
1099 1675 1134 1747 ἀν
1144 1706 1243 1775 παρα·
1258 1749 1262 1754 ,

225 1808 381 1881 στήσεται.
405 1809 515 1873 Πάσαν
540 1801 591 1872 οὖν
612 1805 753 1897 μηχανὴν
778 1800 831 1870 καὶ
854 1809 959 1893 πεῖραν
982 1804 1053 1870 κατ’
1077 1807 1174 1873 αὐτοῦ
1193 1830 1241 1872 κι-

223 1934 330 2016 νήσας,
342 1935 382 2009 ὡς
398 1930 468 1997 ούτε
482 1929 605 2024 ἀγαθῶν
619 1926 815 2022 ἐπαγγελίαις
827 1927 1044 2019 χαυνούμενον,
1058 1927 1129 1995 ούτι
1140 1937 1241 1995 κακῶν

224 2056 366 2132 ἀπειλαῖς
383 2039 586 2146 πειθόμενον8
617 2043 701 2136 εέθε,
734 2054 841 2136 τελος,
866 2049 1025 2145 ύπερορίαν
1050 2059 1107 2119 τοῦ
1133 2043 1243 2146 ἀνδρὸς

225 2177 408 2272 κατακρίνει.
425 2166 454 2246 O
469 2169 505 2245 θέ
527 2186 675 2246 τοσοῦτον
695 2166 800 2249 ἐθίησε
818 2183 876 2244 τοῦ
898 2174 980 2268 μέγα
996 2173 1027 2242 τί
1048 2175 1172 2267 νομίσαι
1186 2180 1243 2253 πλν

224 2302 515 2395 τιμῶρίαν,καίτοι
539 2289 666 2370 κακῶνο
688 2302 820 2391 ἔσχατον
839 2294 943 2382 οὖσαν,
972 2301 1057 2384 ὅσον,
1078 2291 1167 2369 ούθέν
1186 2310 1243 2371 τοθ

225 2423 334 2493 οἰκείου
352 2422 534 2516 φροντίσας,
551 2433 613 2491 τῶν
633 2419 734 2490 ἀλλων
752 2415 815 2514 εἶχε
836 2424 892 2497 τὴν
908 2422 1099 2514 ἐπιμέλειαν·
1120 2422 1172 2491 καὶ
1187 2428 1265 2494 οὐκ·
1300 2404 1304 2417 ¹

226 2548 382 2615 ἐπαύσατο
404 2544 541 2639 γράφων,
560 2545 728 2630 νουθετῶν,
748 2542 936 2635 ὑπαλείφων,
961 2549 1147 2638 παρακαλῶν
1166 2547 1243 2638 πρὸς

226 2670 336 2762 μόνους
354 2670 424 2748 τοὺς
442 2669 518 2762 ύπέρ
540 2677 595 2746 τῆς
609 2655 756 2760 10ἀρετῆς
777 2663 888 2748 ἀθλους
902 2669 989 2759 ὁρᾷν,
1007 2666 1059 2735 καὶ
1074 2666 1168 2760 μύκης
1186 2678 1243 2749 τῆς

228 2792 338 2861 ἐκεῖθεν
353 2790 556 2886 ἐκκρεμάσθαι
574 2783 682 2872 θύξπς·
701 2786 771 2885 ξίφη
783 2778 810 2821 ¹¹
827 2783 863 2860 δέ
877 2789 930 2860 καὶ
945 2800 1005 2883 πῦρ
1024 2793 1078 2861 καὶ
1092 2793 1185 2887 θῆρας
1202 2797 1243 2874 ῶς

226 2914 346 3012 ἀγαθῶν
371 2912 457 2983 α’ίτια
479 2918 597 3008 μᾶλλον
616 2909 821 3004 ἀσπάζεσθαι,
842 2916 895 2985 καὶ
912 2905 1022 2996 ὀθύνης
1044 2919 1126 2986 ούτοι
1148 2942 1246 3012 προσ-

115 3059 122 3073 ·
226 3040 333 3136 καίρου
374 3039 426 3110 καὶ
459 3039 606 3135 βραχείας
641 3045 774 3135 οὐρανῶν
808 3039 963 3129 βασιλιίαν
995 3030 1246 3114 ἀντιθιθάνταυ.

225 3168 334 3234 Ταῦτα
359 3169 533 3261 Κυπριανὸς
561 3171 618 3236 οέκ
644 3167 729 3263 ἔλεγε
755 3168 868 3261 μόνον,
894 3161 975 3235 ἀλλά
1007 3165 1059 3235 καί
1090 3154 1246 3261 πρῶτοςιι

226 3287 332 3374 ἐποίει,
349 3290 423 3383 ἐργα
438 3289 537 3384 λόγον
551 3281 641 3368 εέθῶς
654 3296 761 3377 πολλῷ
778 3290 870 3358 πλέον
885 3278 1042 3382 θυνάμινα
1055 3287 1178 3377 πείθειν,
1192 3289 1245 3358 καὶ

227 3419 273 3498 τῷ
294 3411 362 3480 καθ’
377 3415 484 3483 ἐαυτὸν
505 3406 712 3508 ύποθείγματι
728 3414 805 3505 πρθς
828 3414 880 3484 τὸν
893 3413 998 3506 ὅμοιον
1020 3406 1110 3494 ζῆλον
1123 3414 1245 3499 ἐκιίλιι,

264 3643 286 3688 1.
305 3634 413 3694 Τοῦτον.
425 3637 455 3689 Β.
467 3635 498 3689 C.
509 3637 537 3691 Β.
776 3647 801 3694 1.
819 3638 982 3706 Πιιρύμινον,
996 3641 1027 3695 λ.

261 3727 287 3773 2.
306 3721 384 3784 Ἤδη,
395 3722 423 3774 Β.
775 3731 800 3778 Β.
816 3725 914 3788 xum,
927 3725 956 3779 F.

262 3811 287 3858 3.
305 3802 372 3857 Αθύ.
386 3802 442 3863 τοῦ.
454 3805 484 3857 Β.
495 3805 525 3859 Β.
778 3813 818 3860 10.
836 3809 922 3869 1ὀο1ἐ,
934 3809 963 3861 Β.

261 3893 287 3942 1.
304 3887 443 3949 Τοσοῦτον,
454 3889 484 3941 Β.
498 3888 564 3943 (λΒ.
778 3895 818 3944 11.
834 3888 915 3957 Είφιι,
928 3891 958 3945 Β.

203 3990 208 4000 ·
262 3979 289 4027 1.
305 3969 371 4026 λύθ.
381 3974 408 4034 ἡ,
416 3972 447 4025 Β.
456 3971 485 4026 C.
499 3972 528 4026 Β.
779 3982 818 4028 12.
836 3972 1021 4036 λντιθιθούντα,
1035 3976 1064 4030 Β.

261 4066 286 4110 ο.
302 4057 423 4123 Ὧςιλοι,
434 4056 465 4111 Β.
779 4063 818 4112 11.
837 4057 973 4126 Βαρένιος.
984 4059 1206 4127 Α.-11ερ1ντοις,
1216 4059 1244 4112 Ε.

264 4146 287 4192 7.
304 4141 528 4206 Ποιμαινομίνονς,
540 4143 569 4194 Β.
580 4141 607 4194 C.
619 4139 646 4193 Β.
659 4141 687 4193 Β.
