3300 5272
323 432 390 503 ¹10
624 452 768 502 strarant
793 451 1017 511 ECCLESIAEQEB

318 602 380 652 uos
400 581 491 653 viros
513 590 690 669 versatos,
720 601 800 651 cum
826 578 862 649 in
879 600 939 650 eos
955 577 1254 654 vehementissime
1274 584 1324 654 in·

317 714 432 776 rectos
454 715 529 776 tum
542 703 777 799 magistratus,
799 713 888 791 tum,
903 712 943 774 ut
957 701 1044 774 solet
1063 703 1154 799 apud
1177 704 1323 803 populos

317 827 529 900 humanitate
545 828 649 898 etiam
667 824 910 921 politissimos,
931 823 1068 920 plebem
1084 850 1235 919 omnem,
1254 853 1323 903 uuo

319 949 392 1023 lere
413 972 580 1022 consensu
603 959 811 1022 commotam
831 958 936 1045 atque
960 950 1156 1042 incitatam,
1193 953 1323 1051 cogita-

317 1075 409 1146 tione
429 1072 537 1147 lector
563 1072 630 1144 sibi
655 1072 834 1169 proponit,
858 1071 965 1143 animi
993 1074 1174 1145 serenitate
1207 1076 1322 1171 splen-

318 1198 454 1272 dentem
494 1217 686 1270 sermonem
727 1195 845 1268 audire
878 1219 946 1268 nou
982 1207 1095 1292 potest
1133 1196 1321 1296 dedignari.

323 1322 526 1405 «Pacificas
560 1332 596 1392 et
632 1317 817 1393 concordes
849 1329 952 1415 atque
983 1320 1162 1392 unanimes
1188 1343 1262 1392 esse
1289 1324 1324 1392 in

319 1448 421 1520 domo
444 1470 508 1519 sua
521 1448 614 1519 Deus
627 1446 796 1543 praecipit,
816 1457 851 1518 et
868 1445 987 1543 quales
999 1445 1084 1518 fecit
1098 1468 1161 1518 nos
1177 1444 1326 1518 secunda

319 1573 506 1661 nativitate,
532 1570 618 1643 tales
639 1569 713 1641 uult
729 1582 866 1642 renatos
883 1591 1113 1668 perseverare,
1130 1580 1169 1641 ut
1186 1569 1246 1666 qui
1263 1567 1324 1640 filii

322 1696 386 1768 Dei
409 1718 485 1768 esse
512 1695 679 1791 coepimus
701 1695 737 1765 in
764 1695 829 1767 Dei
852 1717 937 1790 pace
955 1717 1169 1784 maneamus,
1192 1707 1227 1767 et
1247 1695 1324 1791 qui·

320 1818 385 1892 bus
403 1821 545 1917 spiritus
565 1842 654 1891 unus
670 1829 736 1909 est,
756 1842 845 1892 unus
862 1819 909 1891 sit
926 1830 961 1889 et
978 1821 1113 1892 animus
1137 1831 1172 1891 et
1189 1842 1322 1892 sensus.

324 1943 538 2017 Sacrificium
566 1946 640 2016 Deo
667 1948 778 2040 majus
804 1954 857 2016 est
880 1966 950 2040 pax
977 1955 1095 2016 nostra
1123 1956 1158 2017 et
1174 1945 1326 2018 fraterno

323 2067 558 2141 concordia.»
591 2066 827 2165 cogitantibus
850 2089 930 2139 vero
957 2066 1057 2139 nobis
1090 2091 1130 2140 ac
1160 2069 1327 2141 memoria

322 2191 554 2291 repetentibus
577 2202 711 2280 aetates,
733 2190 801 2263 illis
827 2192 864 2262 in
890 2190 975 2263 locis
1001 2191 1127 2289 quibus
1148 2192 1326 2291 Carthagi-

319 2316 457 2408 nienses
473 2315 720 2389 commercium
739 2337 842 2388 suum
869 2314 1094 2407 exercebant,
1116 2338 1195 2413 quae
1219 2317 1326 2414 egita·

320 2440 405 2513 baut
432 2450 593 2513 sexcenta
618 2439 721 2528 vitia,
747 2462 824 2536 quae
842 2437 984 2512 demum
1017 2452 1092 2513 atra
1124 2450 1324 2536 tempestate

320 2563 497 2637 obruenda
513 2573 621 2655 erant,
642 2562 735 2637 hunc
753 2563 860 2635 animi
876 2562 1047 2661 placidum
1065 2563 1222 2638 ardorem
1235 2585 1326 2636 asse·

321 2687 392 2784 qui,
405 2686 493 2759 hanc
503 2688 628 2760 montis
641 2688 748 2759 uitam
762 2687 901 2778 intueri,
916 2686 950 2760 id
962 2689 1090 2762 mirum
1105 2700 1182 2761 esse
1194 2710 1236 2761 ac
1249 2708 1326 2784 gra·

321 2823 396 2881 tum
409 2810 644 2907 spectaculum
658 2809 800 2885 ridetur.
814 2811 897 2900 Quis
910 2812 1002 2884 enim
1013 2822 1067 2884 est
1081 2811 1139 2908 qui
1154 2812 1243 2883 inter
1255 2832 1328 2882 vas·

322 2944 393 3006 tam
412 2931 686 3031 horrendamque
711 2933 930 3008 solitudinem
955 2931 1188 3027 errabundus,
1212 2933 1327 3006 viretis

320 3057 464 3129 amoenis
478 3068 511 3129 et
524 3055 681 3131 dulcibus
697 3057 853 3131 fontibus
864 3058 1003 3156 irriguis
1015 3081 1084 3130 non
1097 3057 1327 3131 detineretur?

322 3180 406 3271 Quis
429 3191 482 3253 est
510 3181 570 3277 qui
596 3181 634 3252 in
658 3179 855 3254 mortalium
887 3180 988 3254 malis
1006 3180 1137 3255 artibus
1155 3193 1323 3272 versatus,

320 3303 416 3378 falsis
441 3303 619 3377 civitatum
643 3302 776 3403 gaudiis
799 3305 990 3399 immistus,
1010 3305 1194 3380 identidem
1215 3305 1326 3378 homi·

319 3451 402 3501 num
421 3428 598 3502 cumulata
616 3429 743 3502 virtute
767 3427 993 3526 praeditorum
1011 3429 1185 3503 societatis
1207 3428 1328 3526 imagi-

320 3572 398 3622 nem
416 3547 664 3623 considerando
678 3562 882 3647 occupatus,
901 3549 1158 3644 jucundissima
1174 3548 1326 3622 delecta·
1387 3642 1393 3650 ι

319 3686 436 3746 menta
447 3696 664 3770 nequaquam
681 3674 877 3769 reperiret?

370 3800 433 3869 Per
454 3796 490 3869 id
516 3811 654 3893 tempus
673 3798 841 3872 tumultus
871 3800 1022 3872 lautores
1053 3797 1213 3896 Cypriani
1234 3795 1325 3869 dicta

322 3934 550 4011 contemnere,
573 3922 863 3995 Lucianivirtutes
874 3922 1035 3996 extollere
1054 3920 1235 4014 laudibus;
1253 3943 1326 3993 om·

320 4046 421 4119 nibus
444 4043 556 4119 modis
574 4068 637 4141 pro
653 4046 762 4119 alieno
784 4045 909 4119 delicto
922 4069 988 4120 sua
1008 4046 1108 4142 quasi
1125 4068 1189 4142 pro
1215 4043 1324 4142 gloria
