3300 5272
346 492 391 565 36
639 512 680 561 un
705 504 905 566 sunrsrurn
926 510 1048 564 usurum

339 638 509 715 videntur.
526 640 572 712 At
585 660 667 713 vero
680 640 816 739 tepidos
831 642 928 741 ignes
944 618 1167 715 iehemeuter
1182 640 1347 714 excitavit

284 762 289 768 ’
337 765 478 840 Decius.
502 764 578 854 Quo
604 765 768 839 nimirum
792 766 972 864 principe,
1011 774 1124 838 totum
1157 765 1344 863 imperium

338 886 610 961 Christianorum
626 888 793 987 sanguina
807 885 1032 980 redundavit3
1055 889 1091 961 iu
1116 887 1220 962 Afros
1236 889 1345 986 potis·

335 1012 462 1084 simum
484 1022 519 1084 et
543 1012 732 1107 sevissime
755 1023 871 1086 aetum
899 1023 964 1085 est.
990 1013 1102 1100 Quam
1126 1034 1210 1085 vero
1237 1012 1344 1085 luerit

334 1133 496 1209 immanis
539 1133 707 1208 tumultus
748 1158 768 1208 e
806 1133 967 1234 Cypriani
1007 1135 1131 1208 litteris
1182 1146 1340 1233 apparet.

334 1258 473 1332 Etenim
498 1253 660 1331 laudibus
683 1267 851 1356 martyres
880 1259 1122 1356 prosequitur,
1151 1256 1286 1333 exsules
1304 1266 1342 1330 et

333 1381 489 1479 captivos
501 1379 615 1455 verbis
626 1391 662 1454 et
675 1380 799 1478 opibus
814 1393 972 1475 recreat,
993 1379 1252 1455 confessoribus
1267 1380 1341 1453 ani·

332 1530 409 1580 mos
438 1504 554 1599 addit,
586 1502 742 1580 dieeunis
770 1528 813 1580 ae
845 1506 1057 1605 presbyteris
1085 1504 1240 1579 eeclesiae
1265 1526 1339 1580 suas

330 1628 473 1706 mandat
493 1639 533 1703 ut
546 1652 682 1703 summa
698 1652 778 1703 eum
793 1652 878 1704 eura
901 1627 974 1703 dies
997 1628 1121 1728 quihus
1140 1628 1338 1725 interempti

330 1753 461 1828 luerint
479 1762 654 1846 annotent,
685 1752 835 1851 plurima
870 1751 1009 1828 tandem
1039 1752 1182 1826 nomina
1214 1748 1333 1826 trudit.

326 1880 421 1953 luter
444 1877 571 1952 multos
604 1875 722 1950 laudat
753 1876 976 1955 Numidicum
1002 1875 1247 1976 presbyterum
1274 1876 1336 1974 qui

333 2032 347 2067 ι
364 2002 504 2075 hortatu
519 2023 582 2075 suu
596 2001 775 2099 copiosum
795 2013 986 2101 martyrum
1004 2023 1188 2075 numerum
1208 1998 1334 2097 lepidi·

327 2125 441 2200 buset
460 2124 612 2198 flammis
629 2136 790 2198 necatum
811 2136 892 2198 anta
916 2148 954 2198 se
970 2125 1077 2217 misit,
1104 2124 1165 2223 qui
1188 2146 1333 2199 uxorem

326 2249 559 2325 adherentem
571 2246 671 2321 lateri
692 2269 755 2321 suu
770 2259 1026 2322 concrematam
1049 2247 1153 2323 simul
1170 2271 1250 2322 eum
1268 2270 1334 2321 eas·

325 2373 409 2447 teris
420 2371 520 2447 laetus
531 2370 699 2470 adspexit,
711 2372 772 2471 qui
785 2368 924 2445 tandem
933 2372 1007 2468 ipse
1021 2371 1282 2446 semiustulatus
1298 2383 1333 2445 et

325 2494 494 2597 lapidibus
515 2493 659 2571 obrutus
689 2507 725 2570 et
744 2521 807 2595 pro
827 2506 963 2569 mortuo
984 2489 1192 2589 derelictus,
1219 2495 1334 2571 afilia

284 2640 287 2645 ·
324 2645 405 2721 quae
416 2620 523 2719 patris
541 2643 667 2719 eorpus
694 2618 891 2718 requirebat
911 2617 1144 2710 refocillatus,
1166 2619 1333 2693 aeomiti·

324 2746 392 2821 bus
407 2767 493 2843 quos
503 2743 716 2842 premiserat
731 2743 895 2817 remansit
907 2742 1034 2816 invitus
1046 2753 1073 2813 ¹.
1094 2774 1108 2807 ι

374 2866 474 2942 Decii
496 2866 533 2940 in
557 2866 766 2942 Christianos
794 2867 962 2942 sevitiam
989 2865 1110 2941 Gallus
1142 2866 1331 2964 imperatur

325 2994 479 3095 imitatus
500 3000 561 3063 ast.
575 2988 749 3082 Prosiluit,
765 2990 880 3090 inquit
893 2990 1095 3089 Cyprianus,
1112 2988 1329 3063 adversarius

323 3131 452 3193 terrore
469 3112 619 3188 uiolento
647 3111 772 3188 Christi
797 3124 910 3189 casua
935 3113 1160 3207 turbaturus;
1195 3112 1258 3187 sed
1283 3110 1329 3186 ad

320 3263 473 3343 pugnam
496 3269 510 3304 ι
532 3262 603 3311 nun
620 3236 745 3336 singuli
758 3237 899 3332 milites,
919 3234 981 3311 sed
1002 3247 1077 3312 tuta
1090 3234 1197 3310 simul
1214 3247 1330 3310 eastra

321 3364 532 3466 prodiemnt.
552 3392 567 3428 ι
587 3359 801 3455 Valerianus,
818 3362 878 3460 qui
904 3360 1052 3436 Decium
1069 3360 1107 3433 in
1127 3360 1326 3459 priucipstu

190 3490 193 3503 '
320 3496 522 3566 consecutus
531 3494 595 3576 est,
610 3506 693 3584 erga
703 3495 838 3560 nostros
849 3485 1000 3583 primum
1011 3485 1160 3582 optimos
1174 3482 1328 3566 allectus

319 3614 493 3703 volutans,
513 3608 636 3683 deiude
648 3632 767 3684 eorum
790 3620 925 3683 tantum
947 3609 1074 3684 effudit
1094 3608 1270 3706 sangrunis
1287 3619 1328 3681 ut

318 3731 632 3840 principemloeum
642 3734 997 3808 interinimieissimos
1005 3732 1131 3807 Christi
1139 3732 1256 3806 hostes
1264 3732 1327 3806 ob·

316 3861 470 3938 tinuerit.
495 3856 686 3955 Episeopos
712 3856 870 3956 quidem,
891 3856 1057 3951 elericos,
1085 3854 1226 3950 fideles,
1250 3856 1323 3930 imo

300 4193 309 4219 ,
350 4162 372 4207 r.
391 4156 476 4219 Epist.
490 4145 597 4203 XXXV.
