3300 5272
501 416 645 475 ulatur
679 419 860 479 FABULAE
890 420 1055 479 liC-llCl.
1280 432 1335 481 loo

740 830 812 894 XC.

558 1110 642 1169 LEO
675 1112 731 1170 ΕΤ
762 1113 997 1174 lllNNULUS.

264 1469 408 1532 ilabebat
434 1468 503 1549 leo,
523 1492 618 1556 quem
645 1493 683 1533 ex
710 1469 788 1534 silvo
807 1493 941 1535 cernens
968 1470 1136 1553 hinnulus,
1160 1472 1256 1536 «Heu
1278 1495 1339 1538 nos

220 1620 383 1684 «miseros
397 1621 499 1684 uiuit.
519 1620 636 1702 «Quid
660 1643 727 1683 non
748 1623 835 1685 enim
852 1622 913 1686 iste
934 1621 1031 1686 lociet
1053 1622 1202 1703 rabidus,
1220 1624 1275 1711 qui
1297 1647 1339 1689 ne

222 1801 233 1823 «
250 1786 358 1834 mente
371 1770 503 1858 quidem
521 1794 618 1836 sanus
631 1772 693 1837 suit
708 1774 805 1837 nobis
820 1773 947 1838 tolerari
963 1773 1047 1861 potis
1061 1774 1095 1838 »Ρ

266 2070 304 2131 ln
330 2069 495 2132 hominem
514 2068 702 2133 iracundum
727 2085 839 2134 natura
859 2086 891 2134 et
914 2072 1146 2159 sanguineum,
1173 2072 1340 2161 potestatis

222 2219 349 2283 licentia
364 2220 397 2282 in
415 2220 578 2300 subjectos
595 2234 747 2283 utentem.

736 2676 826 2743 XCI.

546 2990 722 3052 TAURUS
754 2993 808 3052 ET
841 2992 1010 3054 lllllCUS.

268 3375 410 3439 Leonem
424 3390 533 3440 taurus
550 3401 649 3464 quum
665 3377 793 3466 fugeret
809 3375 966 3440 desertam
985 3376 1019 3439 in
1035 3374 1221 3462 speluncam
1235 3391 1342 3464 pasto-

224 3550 295 3590 rum
313 3527 410 3592 subiit
433 3529 701 3610 monticolarum,
727 3529 834 3593 hircus
854 3528 911 3591 ubi
932 3542 1042 3593 amoto
1063 3527 1206 3615 caprario
1223 3525 1342 3615 degens

223 3673 459 3762 ingredientem
472 3674 610 3741 adversis
627 3677 781 3741 cornibus
795 3692 922 3740 taurum
938 3674 1121 3764 repellebat.

267 3851 328 3914 Cui
350 3866 457 3916 taurus
474 3875 481 3916 :
498 3883 511 3911 ι
528 3852 604 3917 Non
623 3869 656 3917 te
679 3852 805 3935 devito,
823 3851 879 3917 sed
902 3852 1044 3917 leonem.
1072 3850 1157 3913 Tuos
1177 3846 1342 3935 paululum

226 4301 282 4345 τῶν.
294 4296 339 4347 sed
351 4299 388 4348 eet
399 4299 532 4364 ὀριιφοίτων
550 4301 589 4351 nic
601 4304 626 4352 et
643 4300 699 4351 Feb.
720 4306 760 4357 9⁵.
847 4306 869 4348 5.
883 4305 912 4359 Α,
924 4299 1011 4358 liuto,
1022 4309 1079 4347 cum
1088 4296 1207 4348 vertente
1222 4297 1348 4361 marginali

228 4381 267 4435 25,
277 4375 308 4424 ab
320 4376 453 4440 ὁριὶφοιτος.
815 4378 922 4429 laelium.
935 4376 1036 4429 suidas:
1047 4377 1156 4442 ἰκιλίνω,
1166 4379 1291 4442 ultronei.
1343 4434 1346 4441 r
