3300 5272
542 495 830 547 cammaruravsvs
853 495 1017 563 uvsronu.
1215 474 1278 547 107

277 621 406 693 simum
433 644 505 694 suae
527 623 730 696 inservirent
762 620 955 714 ambitioni,
997 619 1053 695 his
1091 585 1281 695 ardeliones

277 734 379 817 abusi
398 756 488 818 sunt.
513 744 645 820 ln'terea
669 747 827 820 Clemens
851 744 1107 843 hypodiaconus
1132 747 1281 821 Romam

276 871 362 941 ierat
384 882 423 943 ut
445 870 542 944 urbis
560 870 664 961 clero,
685 894 765 945 cum
782 869 924 945 Fabiani
939 880 1051 944 morte
1065 891 1177 943 vacua
1195 892 1281 966 pon-

276 992 408 1067 tificum
427 996 527 1068 sedes
544 1009 635 1069 esset
654 997 748 1087 (nam
766 995 811 1070 ab
831 994 997 1070 electione
1017 993 1134 1069 fideles
1160 992 1279 1091 prohi-

274 1115 445 1191 bebantur
462 1119 557 1216 gravi
578 1131 771 1215 temporum
787 1120 937 1192 irruente
956 1117 1135 1215 procella),
1155 1127 1194 1189 ut
1211 1117 1278 1214 Cy·

273 1241 383 1336 priani
404 1265 579 1315 secessum
594 1265 663 1339 quo
678 1242 776 1314 multi
798 1241 935 1315 fuerant
955 1240 1085 1315 eliensi
1102 1253 1136 1314 et
1146 1239 1279 1315 libella·

274 1366 422 1439 ticorum
451 1366 717 1440 obstinationem
748 1363 950 1439 declararet.
979 1365 1117 1439 Litteris
1144 1364 1278 1438 acloro

273 1491 407 1569 traditis
419 1492 543 1588 quibus
553 1491 815 1565 etnuntiahatur
824 1489 967 1564 Fabiani
983 1515 1078 1564 mors
1088 1491 1280 1564 clarissima

273 1628 307 1687 et
321 1614 363 1687 de
377 1615 482 1713 lapsis
502 1615 694 1689 habebatur
715 1616 871 1713 quaestio,
895 1616 1104 1711 renavigavit
1120 1615 1277 1689 Clemens

275 1739 408 1812 animos
428 1741 625 1813 inventurus
649 1741 802 1812 maxima
822 1741 858 1810 in
880 1738 1137 1836 perturbatione
1157 1761 1275 1811 versa·
1341 1731 1346 1741 ’
1442 1834 1448 1846 Ι
1506 1787 1519 1803 ·

272 1875 340 1933 tos.
360 1864 556 1954 Enimvero,
576 1865 714 1937 ineunte
729 1874 843 1955 aetate,
869 1862 1074 1958 febrimque,
1097 1874 1138 1934 ut
1152 1862 1219 1934 illis
1240 1863 1275 1935 in

272 1985 469 2082 regionibus
490 1985 629 2079 assolet,
656 1987 739 2061 solis
757 1986 871 2060 calore
885 1984 1089 2075 adducente,
1104 1986 1192 2083 lapsi
1206 2008 1276 2058 non

272 2108 296 2179 ii
313 2108 415 2182 modo
428 2111 487 2207 qui
508 2124 593 2186 astu
602 2112 725 2209 jactati
742 2122 846 2208 atque
860 2120 1065 2207 aegrotantes
1084 2108 1276 2205 periculose

271 2235 465 2330 ingratiam
479 2259 559 2309 cum
574 2237 734 2334 episcopo
742 2233 853 2307 redire
863 2240 940 2332 jure
952 2256 993 2306 ac
1004 2234 1127 2306 merito
1138 2243 1276 2329 exopta·

271 2355 356 2428 bant
373 2359 457 2454 quin
475 2347 590 2456 aquas
601 2359 752 2455 peccatis
765 2380 885 2454 poenas
899 2355 1032 2445 darent,
1044 2353 1160 2428 eedilli
1171 2356 1275 2429 etiam

272 2480 331 2575 qui
343 2479 443 2575 plene
455 2481 619 2571 valentes,
636 2481 738 2555 rebus
751 2482 818 2566 usi,
830 2491 907 2553 ante
920 2502 1019 2552 noxae
1033 2479 1273 2576 expiationem,

271 2600 463 2676 libellorum
497 2605 625 2678 virtute
656 2627 742 2701 quos
766 2627 789 2677 a
812 2602 1023 2701 martyribus
1055 2613 1272 2699 acceperant,

270 2724 385 2799 locum
400 2727 488 2801 inter
503 2726 621 2801 fideles
640 2728 794 2807 obtinere
811 2739 913 2824 atque
932 2728 968 2799 in
986 2727 1138 2824 pristinae
1160 2724 1275 2825 digni·

270 2850 351 2922 tatis
372 2849 517 2948 gradum
541 2853 675 2925 restitui
703 2851 778 2924 sine
804 2850 874 2923 ulla
895 2873 993 2923 mora
1016 2873 1039 2921 a
1063 2850 1274 2948 presbyteris

270 2974 503 3072 postulabant,
533 2975 782 3075 efflagitabant.
815 2975 986 3047 Lucienus
1021 2997 1102 3047 vero
1134 2971 1276 3070 quidam

272 3085 434 3172 racemos
453 3103 514 3195 qui
536 3101 641 3175 rebus
670 3101 767 3174 novis
795 3097 955 3172 studebat
972 3098 1100 3195 quique
1117 3096 1276 3171 factionis

269 3221 409 3295 tenebat
430 3224 675 3321 principatum,
702 3229 854 3320 projecta
882 3223 1044 3320 Cypriani
1075 3221 1276 3293 auctoritate

216 3411 241 3435 ‚
269 3356 369 3441 atque
386 3352 558 3441 majorum
577 3345 757 3444 disciplina
778 3345 904 3436 fracta,
924 3345 1040 3442 lapsos
1055 3345 1089 3416 in
1103 3349 1275 3440 integrum

270 3467 501 3543 contendebat
526 3468 769 3543 restituendos.
788 3471 906 3565 ltaque
934 3467 976 3542 de
997 3468 1053 3540 his
1071 3465 1277 3563 plurimaaa

269 3594 439 3690 Cypriane
457 3593 601 3690 scriptas
614 3593 780 3689 epistolae
801 3590 970 3665 hahemus
995 3589 1121 3689 quibus
1141 3599 1275 3663 tantum

269 3715 482 3789 moribundis
500 3715 609 3790 veliis
622 3717 681 3814 qai
695 3728 776 3814 post
789 3714 1018 3791 defectionem
1035 3714 1214 3812 publicum
1233 3711 1276 3786 de

227 3916 232 3927 ,
269 3840 336 3913 fide
362 3842 595 3914 testimonium
617 3839 882 3937 perhibuissent,
904 3862 1026 3935 pacem
1055 3835 1275 3913 tribuendam

270 3986 343 4036 esse
371 3962 471 4055 dicit;
505 3965 639 4038 catoris
667 3987 764 4054 vero,
787 3975 971 4061 postquam
999 3961 1188 4058 pacificatae
1220 3983 1275 4034 res

271 4090 408 4180 luerint,
430 4101 469 4161 ut
491 4089 545 4161 las
569 4101 603 4160 et
622 4096 703 4191 jura
726 4087 859 4181 volunt,
884 4111 958 4160 esso
981 4081 1226 4161 consedendum
1252 4108 1275 4158 a
