3300 5272
521 367 672 428 ututur
705 369 874 429 Fruutt
908 366 1037 430 (lxxii.
1290 378 1348 430 239

274 531 399 619 Lupum
419 553 495 595 vero
510 531 715 620 conspiciens
735 534 920 621 proximum
941 556 977 598 ac
991 533 1192 597 manifestam
1206 532 1352 598 reformi-

229 656 309 720 dans
336 678 464 738 necem,
494 658 539 720 sic
569 672 617 721 est
639 657 821 745 loquutus:
843 659 977 746 «Lupe,
1002 658 1135 739 morior,
1158 657 1353 746 jamjamque

228 779 408 867 «expirabo
426 779 576 867 anirnam.
607 781 654 843 Te
683 779 771 867 quod
796 780 934 844 habeam
960 779 1112 860 obvium,
1139 779 1273 866 gaudeo.
1301 780 1351 844 Tu

230 901 364 988 -potius
388 924 482 989 quam
498 901 617 983 vultur,
635 925 732 990 quam
749 924 865 967 corvus
882 924 970 965 meas
992 901 1132 965 coenabis
1153 924 1275 966 carnes.
1293 904 1352 967 Ast

228 1055 240 1077 ιι
255 1023 334 1091 mihi
350 1021 492 1086 officium
508 1039 620 1111 praestu
646 1047 711 1088 non
735 1022 928 1089 damnosum
954 1025 1032 1107 tihi,
1059 1023 1156 1112 idque
1170 1024 1259 1107 leve,
1274 1049 1348 1091 mco

229 1180 240 1202 a
256 1147 377 1211 scilicet
394 1170 432 1211 ex
448 1147 530 1236 pede
554 1148 726 1213 extrahens
741 1151 881 1237 spinam,
898 1149 954 1236 qui
967 1150 1068 1236 possit
1085 1149 1215 1236 spiritus
1227 1151 1348 1238 absque

228 1301 239 1324 ιι
254 1269 366 1334 dolore
382 1270 422 1337 ud
436 1271 518 1333 Ditis
534 1269 667 1334 domum
683 1268 880 1334 descendere
896 1300 918 1333 ν.

271 1395 313 1457 Et
335 1393 390 1458 ille
419 1424 431 1451 ι
450 1395 521 1457 Hoc
546 1395 605 1459 tibi
622 1392 766 1457 officium
782 1417 846 1457 non
870 1391 1028 1457 invideo»
1049 1393 1177 1473 dicens,
1203 1394 1345 1481 tepidum

227 1521 360 1582 summis
374 1517 525 1582 dentibus
540 1518 705 1582 surculum
722 1516 888 1582 evellebat.

270 1643 362 1705 Tunc
387 1644 512 1725 asinus,
536 1646 601 1728 jam
633 1642 829 1707 cruciatibus
855 1657 888 1705 et
917 1642 1009 1706 omni
1035 1642 1186 1709 liberatus
1211 1641 1341 1721 dolore,

227 1768 404 1831 hiscentem
420 1767 521 1831 ferum
537 1767 623 1833 calce
637 1767 801 1848 verberat,
821 1786 860 1830 ac
874 1788 965 1830 nares
978 1764 1126 1830 extundit
1140 1765 1344 1854 frontemque

227 1891 444 1978 molamque,
458 1907 489 1954 et
504 1913 538 1955 sc
553 1891 691 1981 proripit
709 1889 794 1979 fuga.
821 1919 833 1945 ι
851 1890 914 1954 Hei
930 1890 1025 1954 mihi!
1047 1889 1163 1956 Talia'»
1178 1891 1274 1978 lupus
1289 1891 1343 1971 ait,

227 2016 371 2079 «merito
394 2016 508 2103 patior.
536 2015 624 2099 Quid
649 2015 734 2079 enirn
758 2013 882 2079 claudis
904 2015 987 2105 coepi
1002 2013 1101 2079 modo
1120 2014 1224 2080 facere
1238 2014 1341 2080 medi-

226 2171 239 2195 «
255 2142 381 2222 cinam,
400 2141 456 2227 qui
480 2140 601 2208 nullam
616 2141 657 2205 ab
679 2140 772 2204 initio
794 2137 962 2204 didicerim
980 2156 1080 2204 artem
1095 2154 1210 2228 praeter
1230 2139 1342 2227 coqui·

203 2284 205 2287 ·
226 2292 237 2315 κ
255 2262 377 2325 nariam
391 2292 412 2323 ν.

270 2548 367 2631 Quod
385 2549 450 2630 itti,
467 2551 522 2637 qui
537 2573 587 2613 res
602 2549 642 2613 ad
659 2572 693 2613 se
707 2550 798 2613 nullo
814 2549 914 2614 modo
930 2552 1126 2638 pertinentes
1149 2550 1343 2641 aggrediuna

224 2688 285 2754 tur,
303 2674 418 2739 merito
436 2688 565 2738 careant
577 2697 740 2756 successu,
756 2672 976 2763 damnumque
990 2674 1051 2740 sibi
1063 2690 1183 2740 creent.

254 3113 277 3159 7.
293 3116 324 3172 t,
339 3111 437 3160 ἄκανθα.
807 3126 896 3160 ouum
914 3111 1026 3167 λακτίσας
1043 3113 1130 3175 φεύγει.
1148 3112 1230 3164 rocuo
1250 3109 1341 3162 coditio

256 3195 293 3238 tt.
310 3195 340 3252 Δ,
354 3192 395 3240 καὶ
405 3190 529 3250 ἀναιδείης.
539 3190 620 3241 surosi
630 3189 754 3239 meliorem
807 3202 881 3239 sensu
901 3193 975 3240 caret.
988 3190 1055 3240 Adde
1074 3205 1098 3240 n.
1116 3190 1147 3239 ud
1164 3190 1220 3240 Feb.
1239 3195 1279 3250 95,
1297 3192 1337 3240 70.

221 3267 349 3320 lectionem
365 3269 446 3320 suidae
461 3270 487 3319 in
505 3271 621 3331 Κνηκίας,
639 3271 652 3318 ὁ
669 3271 750 3325 λύκος·
840 3274 876 3317 12.
894 3278 923 3329 Α,
934 3270 1033 3318 tuosius
1050 3287 1074 3332 χ.
1095 3270 1221 3327 ianr-doct.
1238 3268 1337 3318 suidam

222 3347 319 3410 Βάθριος
337 3350 361 3396 ἐν
372 3353 421 3406 τοῖς
438 3350 543 3412 μυθικοῖς
554 3365 560 3376 ·
571 3350 601 3399 Ὁ
616 3347 637 3397 δ’
652 3350 752 3402 luctet<
806 3359 860 3395 sum
871 3350 998 3409 sequutus.
1014 3349 1102 3398 Confer
1112 3347 1202 3398 Fabula
1211 3351 1264 3410 11³,
1274 3360 1299 3397 n.
1308 3352 1337 3407 ²3

221 3426 299 3476 πόνων
311 3443 335 3477 τε
346 3427 426 3487 adrine
440 3428 530 3489 πάσης,
544 3430 592 3479 Τὸν
603 3428 700 3486 nuntiat
711 3427 752 3489 χά·
809 3430 861 3485 tto,
877 3438 900 3474 u.
917 3431 940 3475 8.
