3300 5272
318 434 362 505 32
613 455 653 502 ua
678 454 878 503 cunrsrrmra
904 454 1025 504 ereren

316 581 507 671 dormiunt,
531 603 637 679 equos
670 594 877 673 mercantur,
909 581 1043 682 fulgent
1066 583 1102 655 in
1131 592 1319 680 purpura¹,

316 728 427 804 neque
466 704 629 804 sumptuix
654 729 767 804 neque
798 704 977 781 modestiae
1013 716 1206 805 paroentes.
1241 704 1323 778 lnde

317 830 410 905 nulla
427 831 464 903 in
481 829 623 904 clientes
634 828 787 929 largitio,
801 854 879 905 oum
897 830 1129 934 indigentibus
1144 830 1238 904 nulla
1250 852 1324 928 par·

318 955 505 1052 ticipatio².
526 954 564 1026 ln
586 966 681 1027 tanta
699 967 840 1053 tamque
865 967 1027 1052 corrupta
1049 956 1203 1047 civitate,
1232 950 1324 1054 apud

317 1077 483 1176 populum
519 1090 642 1151 natura
670 1078 865 1171 ardentem,
891 1081 1046 1179 segnitia
1076 1077 1254 1171 deditum,
1285 1078 1323 1150 in

318 1204 436 1277 otiosis
453 1218 646 1293 versatum,
665 1204 702 1274 in
718 1206 856 1302 regione
876 1227 955 1302 qua
978 1205 1092 1278 calore
1118 1202 1200 1277 solis
1215 1225 1324 1276 exas-

317 1335 407 1417 tuat,
428 1324 591 1422 permulti
613 1324 800 1424 impudici,
825 1350 1009 1426 ganeones,
1031 1324 1197 1419 adulteri,
1218 1322 1327 1423 perdi·

317 1448 441 1523 tissimi
461 1458 496 1522 et
509 1448 792 1548 profligatissimi.
812 1454 925 1540 Quare
943 1452 1090 1548 scriptor
1108 1472 1223 1548 asper,
1244 1472 1325 1523 vera

318 1572 518 1665 Africanus,
534 1572 770 1647 terramillam
787 1573 971 1648 libidinum
983 1572 1082 1647 taedis
1094 1596 1231 1670 semper
1243 1595 1327 1647 oon-

319 1695 485 1793 flagrasse
518 1695 626 1791 dicit,
661 1720 807 1795 eamque
828 1697 1070 1772 obsaoenarum
1103 1696 1327 1773 flammarum

319 1816 620 1915 AEmmrocat33
642 1823 768 1920 sapius
785 1823 917 1896 seilicet
934 1824 1050 1920 ignem
1069 1820 1260 1895 suscitabat
1273 1844 1328 1893 su·

320 1945 487 2042 perstitio,
497 1944 626 2018 nedum
635 1947 855 2045 opprimeret.
872 1947 982 2020 Deam
993 1944 1175 2019 Coelestem
1189 1945 1328 2042 potissi·

321 2092 418 2143 mum
438 2067 530 2143 ioedo
549 2068 646 2142 oultu
664 2068 882 2160 alliciebant3
906 2080 1009 2167 atque
1030 2068 1121 2143 illius
1137 2081 1217 2142 ants
1231 2066 1328 2142 delu-

321 2191 424 2266 brum
445 2192 507 2267 nbi
526 2191 759 2267 collocabatur
780 2193 1016 2283 simulacrum,
1036 2191 1154 2289 turpia
1172 2187 1327 2264 celebra·

319 2316 482 2392 bantur⁴.
503 2321 555 2391 Eo
575 2317 800 2414 impudicitia
815 2329 1056 2416 processerant
1071 2315 1167 2405 Afri,
1187 2328 1226 2388 ut
1240 2311 1328 2387 nihil

321 2455 412 2515 esset
438 2464 565 2539 supra;
593 2443 708 2540 itaque
729 2440 909 2516 Salvianus
933 2438 1150 2517 exclamabat
1175 2436 1331 2537 indigna·

256 2650 263 2661 ,
321 2565 484 2641 bundas:
513 2598 526 2632 ιι
548 2554 633 2657 Quis
653 2590 724 2640 non
742 2589 861 2640 omnes
882 2567 1021 2641 omnino
1050 2564 1153 2638 Alme
1183 2558 1330 2660 impudi-

322 2712 383 2762 cos
400 2688 606 2788 generaliter
621 2690 721 2780 sciat,
736 2689 803 2763 nisi
820 2688 907 2763 forte
925 2687 970 2763 ad
989 2691 1101 2763 Deum
1121 2710 1327 2779 conversos,

321 2810 424 2885 idest
440 2810 507 2884 fide
525 2834 566 2885 ae
586 2810 750 2911 religione
766 2803 965 2886 mutatos⁵?
983 2845 996 2880 ι

370 2933 878 3011 Nihilominusinterillosviros
886 2934 1101 3034 cupidinibus
1109 2933 1254 3028 deditos,
1265 2933 1333 3008 ies·

322 3059 403 3133 tivis
419 3060 524 3134 omnis
544 3071 700 3134 assuetos
719 3084 760 3135 aa
777 3061 882 3159 largis
902 3058 1062 3156 dapibus,
1074 3056 1228 3132 verubus
1245 3078 1332 3130 auro

323 3181 572 3258 collucentibus
591 3194 627 3257 et
638 3206 793 3283 purpura
809 3182 991 3283 magnifiee
1006 3181 1156 3273 indutos,
1177 3179 1332 3254 fastibus

324 3318 359 3379 et
380 3304 569 3381 honoribus
589 3308 717 3405 sapius
738 3304 950 3398 oblactatos,
981 3305 1159 3380 clientium
1186 3305 1333 3403 stipatos

322 3433 480 3521 cuneis¹,
504 3432 776 3508 Christianorum
797 3456 935 3508 severus
956 3456 998 3506 ao
1021 3430 1177 3531 plebeius
1196 3430 1331 3520 cultus,

323 3553 467 3655 simplex
485 3554 705 3656 solitariaeque
720 3559 811 3649 rita,
826 3579 946 3632 rnensa
964 3555 1077 3632 tenuis
1098 3550 1333 3629 incredibilem

358 3765 382 3812 t.
397 3758 523 3830 cypriani
531 3764 620 3831 Boiu.
631 3762 653 3829 l,
665 3776 690 3816 o.
701 3775 733 3815 ιι
742 3764 770 3815 ot
781 3776 831 3815 ιιι.

356 3853 385 3899 r.
401 3843 532 3909 Saluiam,
544 3847 709 3908 demam..
718 3846 773 3900 vn.

358 3935 384 3981 ³.
401 3928 552 3998 Angustia„
562 3930 684 3983 deotolt.
697 3932 755 3995 net,
770 3929 805 3993 11,
818 3935 862 3982 aa.

358 4021 383 4067 t.
400 4011 530 4075 salvian..
542 4015 577 4067 do
588 4015 710 4079 Prootd„
721 4014 777 4069 vlt.

357 4106 383 4150 s.
400 4096 536 4167 cyprian,
548 4099 660 4167 Bptstol.
670 4098 860 4165 adventant,
871 4097 894 4162 l,
905 4102 931 4150 3.
