3300 5272
288 500 292 507 ’
342 502 382 571 16
746 522 917 571 inarasse.

249 698 252 703 -
338 656 494 720 malitioso
513 654 614 718 blurte
632 661 816 736 susceptum
839 661 899 733 est,
925 658 981 717 aut
1005 655 1160 719 Saturnus
1183 657 1341 739 apocasti·

334 789 391 836 cus
405 769 478 852 suit,
497 775 555 833 aut
571 786 675 832 armus
690 774 765 832 tuus
783 787 822 831 ex
836 768 992 833 diametro
1012 776 1179 854 susceptus
1191 758 1259 850 est,
1286 778 1341 833 aut

335 885 544 950 climacterica
566 883 626 949 tibi
647 883 680 946 in
694 890 806 948 centro
824 889 900 948 sunt
921 890 1007 964 nata,
1030 890 1084 948 ant
1105 884 1259 968 syndetus
1280 885 1343 949 fuit

334 1019 408 1065 cum
423 999 519 1078 malo,
537 1004 595 1062 aut
606 997 785 1078 invisibilis,
799 1005 856 1061 aut
873 998 907 1061 in
922 997 1091 1081 schemate,
1114 1005 1172 1064 aut
1191 999 1340 1064 immobi-

332 1116 373 1180 lis
387 1114 473 1180 eirca
484 1120 516 1179 te
533 1112 657 1178 exstitit
674 1132 789 1177 cursus
802 1113 837 1176 in
853 1112 964 1178 stellis.
986 1114 1059 1177 llaec
1073 1121 1106 1178 et
1128 1114 1246 1179 similia
1265 1133 1340 1180 cum

331 1230 461 1303 dixerit,
479 1229 610 1293 rationis
626 1227 686 1293 tibi
704 1227 873 1292 verisimile
894 1228 1057 1310 assignare
1069 1227 1194 1311 nititur,
1216 1229 1339 1312 aliquid

331 1355 363 1410 ct
378 1344 516 1430 probare
532 1341 585 1406 ¹.»

373 1457 588 1538 Quamobrem
612 1463 650 1520 ut
671 1456 752 1541 quid
776 1458 912 1540 antiqui,
942 1457 1081 1547 utquid
1110 1460 1272 1544 primoris,
1303 1467 1340 1524 ut

329 1571 409 1656 quid
423 1572 503 1635 certi
519 1571 559 1637 de
571 1570 753 1636 Sebastiano
769 1571 955 1654 babeamus,
976 1572 1176 1637 elaboremus
1190 1580 1221 1637 et
1246 1573 1337 1637 insn-

329 1686 442 1752 demus
457 1703 583 1750 necesse
599 1692 657 1749 cst.
676 1687 719 1749 At
743 1685 936 1770 plerumque
955 1694 1136 1751 sanctorum
1158 1686 1245 1772 apud
1267 1688 1337 1771 ple-

329 1804 401 1867 bem
422 1802 530 1866 minus
555 1800 730 1865 valentium
747 1808 818 1865 acta
837 1801 878 1865 ad
898 1820 956 1865 nos
973 1802 1102 1885 puriora
1115 1809 1146 1865 et
1161 1802 1336 1885 integriora

327 1925 554 2001 pervenerunt.
571 1916 666 1981 Haud
688 1917 779 1981 aliter
798 1917 882 1981 inter
906 1916 1030 1981 deserta
1063 1935 1201 1982 romanae
1234 1919 1335 1982 ruinae

326 2039 480 2115 apparent
492 2032 585 2116 quasi
598 2033 736 2096 innota.

369 2144 458 2229 Inde,
483 2147 628 2231 quinque
647 2154 678 2211 et
698 2146 812 2230 viginti
836 2147 936 2210 millia
959 2147 1097 2211 vitarum
1120 2147 1240 2230 quibus
1258 2149 1334 2213 Bol-

324 2259 497 2325 landistina
534 2261 678 2326 collectio
705 2261 864 2326 conflatur
884 2268 1058 2327 tractantes
1079 2258 1104 2343 ²,
1141 2260 1219 2326 dum
1247 2282 1333 2327 mare

275 2452 280 2459 Ι
323 2374 411 2439 istud
425 2383 551 2441 vastum
565 2384 739 2454 tentamus,
763 2377 835 2441 coeli
853 2384 885 2441 et
900 2377 1010 2441 littora
1027 2376 1140 2441 crebro
1153 2384 1329 2452 mutantur,

322 2491 443 2575 quippe
463 2510 537 2557 cnm
555 2494 633 2556 anni
656 2492 861 2558 ecclesiastici
881 2491 1007 2557 dierum
1027 2492 1183 2557 rationem
1206 2494 1332 2558 naviter

321 2605 521 2671 bollandistae
533 2607 696 2672 oonsecuti
713 2606 847 2672 fuerint.
863 2609 1012 2672 Attamen
1028 2626 1132 2671 nonne
1147 2626 1251 2691 opera
1261 2627 1332 2693 pre·
1409 2616 1413 2621 '

322 2721 403 2785 tium
416 2727 499 2785 asset
509 2722 685 2786 seeundum
696 2722 841 2805 regiones
855 2729 886 2785 et
901 2729 1007 2787 aetates
1022 2723 1061 2786 do
1072 2723 1191 2787 sanctis
1203 2741 1332 2808 compo-

323 2818 396 2901 nere
405 2835 524 2901 libros?
534 2836 627 2915 Quod
637 2855 710 2901 sane
719 2837 945 2901 Britannorum
954 2844 1140 2901 nostrorum
1156 2856 1251 2902 causa
1266 2840 1331 2921 egit

322 2949 372 3012 vir
383 2949 770 3032 profectoerndltissimus
783 2958 815 3014 et
827 2951 915 3014 naris
925 2949 1116 3032 emunctoe³,
1132 2952 1264 3036 atqu'us
1273 2973 1330 3017 ur·

318 3064 442 3131 benitas
454 3067 675 3153 intempestiva
688 3068 825 3132 immites
838 3069 1009 3132 Armoricae
1024 3069 1133 3166 fruges
1154 3069 1250 3153 longe
1266 3090 1329 3135 asc

319 3180 440 3265 rejecit,
460 3189 499 3246 ut
513 3183 741 3248 Parisiensium
753 3184 868 3247 tritum
883 3182 1008 3248 cultum
1020 3183 1196 3265 exhiberet,
1211 3184 1329 3249 nedum

318 3296 495 3378 priscorum
517 3297 680 3381 sylvarum
697 3305 792 3380 atque
810 3296 1003 3379 frigidorum
1025 3298 1173 3362 littorum
1197 3300 1327 3365 acrioris

316 3409 426 3475 odoris
449 3411 544 3475 flores
573 3418 718 3476 accurate
740 3411 918 3495 indagaret.
952 3413 1052 3497 Magis
1077 3430 1154 3476 vero
1175 3413 1324 3495 ingenue,

316 3526 495 3611 Campaniae
517 3526 681 3591 'trecensis
695 3545 746 3590 res
767 3546 872 3591 sacras
886 3527 1015 3611 collegit
1032 3528 1083 3590 vir
1101 3546 1234 3612 prorsus
1248 3527 1327 3591 sim·

316 3637 409 3723 prex*
427 3659 523 3723 quam
538 3639 692 3705 nimirum
709 3641 906 3707 doctioribus
929 3643 953 3706 ii
972 3646 1173 3727 anteponunt
1185 3642 1244 3726 qui
1259 3659 1328 3705 mo·

349 3812 371 3858 1.
387 3804 464 3874 Apud
474 3804 602 3871 bolland„
615 3808 634 3859 l.
647 3807 679 3871 ll,
690 3810 761 3871 lan„
774 3822 802 3876 p.
817 3814 876 3860 274.

347 3900 375 3942 r.
391 3890 476 3953 Quem
496 3903 638 3943 numerum
657 3890 725 3943 mihi
744 3890 843 3960 prabet
859 3892 900 3943 vir
913 3890 945 3943 de
966 3891 1075 3944 historia
1093 3891 1193 3960 optime
1204 3892 1317 3946 meritus

314 3977 382 4025 illst.
397 3973 467 4024 aaut.
481 3978 508 4025 tn
521 3977 562 4033 G„
577 3971 637 4025 lect.
651 3974 729 4027 xv11.
1118 3974 1123 3978 ’

346 4063 370 4107 s.
388 4059 419 4109 Ι).
434 4055 578 4119 bobineau,
595 4063 667 4109 1717.

346 4146 369 4190 t.
389 4142 438 4193 Des
451 4142 584 4201 Gucrrois.
600 4149 674 4195 1637.
