3300 5272
324 454 364 523 12
729 474 904 523 rnurrrro.

318 608 381 671 sire
399 605 491 671 focile
516 611 575 685 est,
602 621 685 687 quos
707 603 817 688 lepris,
844 603 977 687 morbis,
1002 602 1168 669 doloribus
1189 602 1325 688 quibus·
1411 594 1414 599 ’

317 720 396 785 libet
422 719 552 784 allectos
575 717 679 783 reficit
700 718 872 784 christiana
886 737 956 803 spes
984 737 1020 782 ac
1037 724 1158 783 recreat
1175 718 1322 784 charitas.

318 834 492 899 Hominum
504 853 579 899 uero
594 841 626 898 et
640 853 750 900 rerum
763 852 836 899 cum
852 833 1171 901 recessus.osteudant
1182 834 1321 914 intimos,

317 965 391 1013 cnm
407 948 505 1013 animi
526 949 662 1013 latebras
684 948 954 1014 reconditissimus
963 946 1193 1031 demonstrent,
1209 966 1283 1013 cum
1294 955 1327 1013 ct

318 1068 445 1127 aetatum
461 1070 493 1127 et
508 1062 658 1128 ordinum
670 1064 832 1128 variorum
843 1065 986 1147 aperiant
998 1070 1128 1144 secreta,
1145 1071 1326 1129 sanctorum

320 1181 458 1244 historiae
469 1198 523 1244 eos
534 1187 780 1245 commorentur
789 1178 947 1245 delectant
956 1178 1327 1262 quicunquecommunis

317 1293 509 1359 conditionis
522 1292 724 1378 indagatores
734 1300 891 1379 appetunt
906 1293 1046 1358 humana
1057 1300 1088 1358 et
1099 1291 1215 1357 mentis
1226 1292 1327 1358 scien·

318 1410 394 1473 tiam
408 1415 660 1492 prosequuntur.

362 1523 630 1589 Enimueronihil
643 1523 744 1605 magis
754 1523 891 1605 varium,
907 1523 990 1587 nihil
1005 1502 1139 1608 aspectu
1154 1529 1186 1587 et
1209 1520 1326 1586 indolis
1345 1539 1347 1543 ’

318 1643 432 1702 notura
449 1636 721 1720 commutabilius,
733 1637 815 1701 nihil
828 1644 860 1702 ct
871 1656 980 1701 rerum
997 1643 1029 1702 et
1045 1635 1191 1701 locorum
1201 1642 1234 1701 et
1246 1642 1327 1700 tem·

319 1771 435 1835 porum
455 1751 557 1835 magis
577 1751 746 1838 multiplex
766 1770 865 1836 quam
885 1751 1075 1817 doctissimis
1090 1771 1109 1817 a
1122 1749 1327 1816 Bollandistis

319 1866 526 1932 collectorum
547 1869 722 1952 imaginum
736 1869 836 1951 longa
855 1868 963 1932 series.
980 1870 1077 1932 Istam
1092 1866 1213 1931 scilicet
1232 1866 1327 1948 quasi

320 1981 517 2065 pinothccum
526 1975 649 2046 ineunti
658 1990 814 2067 apparent
827 1981 988 2047 coloribus
995 1982 1126 2066 depictae
1132 1980 1268 2047 diversis
1280 1980 1327 2046 di-

320 2095 504 2160 versissimae
521 2095 638 2161 tabulae
655 2118 663 2159 ε
680 2103 861 2181 martyrum
875 2096 1030 2161 nimirum
1040 2095 1215 2160 fortissimo
1230 2101 1328 2179 utque

320 2208 541 2276 ardentissimo
551 2211 705 2276 exercitui
714 2210 890 2276 succedunt
898 2210 1072 2294 tranquilla
1081 2210 1142 2275 snb
1148 2210 1327 2294 pulmarum

320 2325 436 2391 umbra
457 2345 553 2392 sacrae
574 2324 757 2391 solitudinis
779 2333 930 2408 amantes,
955 2325 1061 2406 Pauli,
1087 2325 1230 2406 Antonii,
1254 2324 1329 2409 qui·

319 2441 368 2505 uis
392 2460 410 2504 c
433 2439 559 2506 deserto
581 2448 701 2525 patres.
722 2443 805 2505 Dum
830 2440 938 2505 locum
963 2440 1062 2503 ahum
1081 2447 1216 2524 occupat
1237 2457 1327 2524 apos·

319 2554 458 2620 tolorum
469 2555 583 2620 cohors
596 2555 755 2620 laboriosa
772 2563 805 2619 ct
821 2563 946 2639 potens,
965 2554 1046 2619 nlius
1063 2554 1211 2619 dulcibus
1228 2553 1329 2637 uirgi-

319 2689 397 2735 num
412 2670 603 2752 imbellium,
620 2672 751 2754 Agnetis
772 2679 829 2736 aut
851 2670 992 2752 Caeciliae,
1005 2669 1161 2735 tribuitur
1174 2669 1327 2754 imagini·

321 2783 393 2850 bus.
409 2785 582 2850 Miscentur
593 2786 733 2871 episcopi
748 2793 779 2850 ot
792 2786 920 2867 milites,
940 2788 1147 2866 imperatores
1163 2792 1194 2850 et
1209 2785 1325 2867 coloni,

321 2899 502 2983 politissimi
512 2899 678 2965 ciuitatum
694 2899 806 2963 incolae
825 2907 922 2983 atque
936 2899 1126 2981 agrestiores
1138 2898 1258 2979 villici3
1276 2899 1329 2964 hic

321 3011 447 3095 imperii
461 3013 585 3076 romani
600 3013 635 3077 in
649 3013 788 3096 legibus,
804 3021 835 3077 et
845 3014 928 3092 loro,
948 3019 980 3077 et
992 3011 1091 3095 ludis,
1105 3018 1138 3076 ct
1154 3031 1329 3096 proconsu-

320 3125 424 3210 libus,
440 3134 473 3192 et
483 3127 640 3212 tribunis,
658 3129 693 3192 in
704 3128 800 3193 rebus
820 3128 970 3193 omnibus
987 3127 1129 3211 uirisque
1144 3145 1327 3203 versamur3

321 3239 387 3305 illic
398 3259 472 3307 cnm
485 3243 648 3309 Beruardo
659 3251 692 3309 et
701 3246 862 3323 Bruuoue‚
880 3241 1038 3307 mediisin
1054 3241 1175 3326 sylvis,
1190 3244 1329 3308 asceticre

320 3356 393 3421 vita
416 3356 613 3442 prouinciam
635 3358 803 3423 intramus.
825 3359 885 3423 Hic
906 3376 1057 3441 agrorum
1067 3357 1327 3441 ubertas,ilores,

320 3471 456 3553 fructus,
480 3490 582 3556 aque,
605 3473 705 3558 putei,
728 3472 843 3555 fontes,
866 3472 1036 3538 rusticanae
1052 3473 1122 3537 vitat
1138 3472 1241 3538 officia
1256 3491 1329 3557 quoe

322 3592 390 3649 tota
404 3592 527 3650 aetatcm
541 3586 718 3670 antiquam,
735 3588 888 3673 pristinos
908 3605 1025 3669 mores,
1051 3587 1228 3652 bibliorum
1241 3594 1328 3652 vete·

323 3719 397 3765 rum
406 3701 603 3786 patriarchas
612 3702 693 3784 olet;
709 3703 779 3768 etsi
788 3701 867 3787 quid
876 3703 983 3768 forsan
992 3702 1158 3783 horrescit,
1170 3709 1209 3767 ut
1218 3720 1327 3787 rupes,

321 3814 460 3881 ferarum
487 3816 618 3896 cubilia,
643 3818 703 3882 hoc
727 3817 856 3901 quidem
875 3817 915 3882 ad
937 3819 1053 3883 tabulae
1072 3818 1160 3882 illius
1181 3825 1328 3882 ornatum

322 3928 419 3995 fuisso
432 3933 643 4016 compositum
656 3932 799 4012 videtur3
812 3934 895 3997 iuter
905 3950 976 4017 qnoe
990 3934 1172 4018 conspicere
1185 3932 1258 3997 licet
1268 3932 1328 3999 ho·
1441 4010 1444 4016 Α

323 4044 423 4110 mines
437 4047 555 4129 quibus
568 4056 636 4113 crat
651 4050 683 4112 in
702 4048 782 4113 votis
801 4056 838 4114 ut
857 4048 891 4112 in
912 4057 1025 4115 natura
1050 4049 1166 4114 versati
1181 4055 1328 4115 enatura
