3300 5272
785 415 931 475 etant!
958 414 1137 477 fututa!
1164 413 1332 475 xiix-L.

999 820 1123 887 XLIX.

768 1097 1025 1160 ornaturus
1055 1099 1111 1160 ET
1142 1100 1357 1162 renuunt.

548 1430 737 1496 Dormiebat
754 1444 855 1494 noctu
872 1431 1039 1519 operarius
1064 1451 1169 1520 prope
1196 1444 1348 1520 puteum,
1371 1432 1499 1498 inscius.
1517 1432 1558 1496 Et
1574 1432 1621 1496 ad·

503 1571 615 1636 stantis
647 1569 801 1635 Fortunae
826 1569 914 1636 visus
945 1588 994 1636 est
1020 1569 1083 1635 sibi
1110 1569 1222 1636 audire
1248 1592 1394 1637 vocem:
1425 1602 1438 1629 ι
1455 1573 1542 1636 Heus
1573 1575 1620 1634 tu!

501 1742 515 1770 a
529 1733 597 1775 nou
613 1711 866 1800 expergisceris?
882 1733 936 1794 ne,
959 1713 986 1775 si
1003 1709 1116 1792 cadas,
1134 1711 1169 1775 in
1183 1733 1279 1776 causa
1293 1733 1362 1777 esse
1373 1710 1459 1801 apud
1474 1712 1625 1775 homines

500 1848 703 1940 «praedicer,
729 1851 880 1939 maloque
895 1874 1028 1917 rumore
1044 1849 1186 1941 flagrem.
1216 1851 1299 1917 Mihi
1314 1851 1404 1917 enim
1422 1868 1539 1917 cuncta
1555 1873 1626 1915 coa·

504 2021 517 2046 ·
530 1991 681 2057 cervatim
704 1991 784 2054 vitio
807 1991 974 2074 tribuunt,
1000 1988 1175 2079 siquando
1195 1988 1268 2080 quis
1291 1991 1472 2057 calamitate
1496 2013 1623 2080 prema·

504 2164 518 2192 a
529 2149 581 2198 tur
597 2134 688 2218 cujus
703 2147 751 2196 est
768 2146 881 2197 auctor
897 2132 966 2221 ipse
982 2132 1064 2213 sibi,
1081 2131 1131 2197 vel
1151 2133 1180 2196 si
1192 2131 1287 2198 cadat
1298 2164 1320 2196 υ.

549 2438 784 2524 Argumentum
797 2436 900 2501 ineos
916 2437 972 2524 qui
990 2435 1091 2500 fatum
1105 2456 1175 2502 esse
1188 2435 1379 2526 opinantur,
1395 2451 1427 2500 et
1443 2436 1624 2500 necessitati

506 2575 680 2662 subjiciunt
694 2575 808 2662 quaein
820 2590 931 2638 nostra
943 2590 1020 2639 suut
1033 2575 1093 2639 sita
1108 2589 1284 2664 potestate,
1300 2596 1422 2662 neque,
1439 2589 1475 2638 ut
1495 2596 1553 2661 par
1565 2589 1624 2653 est,

505 2717 609 2782 libero
625 2732 760 2781 utuntur
774 2717 919 2781 arbitrio.

1042 3087 1080 3150 L,
1104 3104 1111 3117 .

795 3355 968 3415 vuinus
997 3354 1054 3412 Et*
1084 3353 1328 3413 Llnuuron.

549 3682 670 3771 Vulpes
694 3679 846 3770 fugiebat.
868 3680 1017 3766 Fugienti
1039 3700 1170 3742 currens
1193 3693 1267 3766 post
1295 3691 1382 3765 terga
1405 3676 1544 3742 instabat
1566 3699 1623 3743 ve·

507 3824 610 3875 nator.
640 3806 720 3890 Quae
753 3826 852 3892 quum
887 3803 999 3868 lassata
1034 3799 1203 3884 deficeret,
1236 3801 1393 3890 lignatore
1423 3817 1620 3891 conspecto,

508 4209 657 4270 elicitorem
667 4209 931 4274 compunccionem
948 4207 986 4258 ἀπ’
1000 4207 1040 4271 ἂν,
1093 4220 1118 4270 p.
1132 4211 1174 4268 ⁰9,
1186 4210 1225 4260 70,
1236 4203 1417 4268 ³295Phtedms
1424 4203 1476 4254 tib.
1485 4209 1510 4267 t,
1516 4202 1575 4256 tab.
1584 4208 1623 4255 27.

506 4291 593 4343 senff
604 4292 642 4352 ἂν,
654 4290 718 4340 arev.
1125 4283 1542 4351 ²..5uidatttpcxdinnitarpixnu
1554 4285 1623 4337 conf.

539 4371 596 4421 rab.
608 4376 633 4421 t.
651 4369 738 4420 contr
748 4373 872 4431 coraytna
885 4365 975 4418 rabula
986 4370 1040 4426 127,
1093 4365 1151 4416 rab.
1164 4372 1204 4427 aa,
1220 4371 1242 4415 2.

1478 4491 1499 4531 7.
