3300 5272
326 432 370 498 84
420 448 460 498 os
485 447 684 498 cnrrsrrrnrc
710 450 831 499 aaaron
858 451 985 498 rrnreos
1011 451 1050 497 rr
1077 452 1230 501 uunrous.

323 579 492 653 fessorum
512 578 686 666 solatium,
708 579 738 650 si
767 591 918 675 possent,
950 600 1024 651 rem
1048 579 1221 654 faciebant
1245 578 1331 655 divi·

324 726 418 776 nam.

371 827 471 916 Quod
497 829 626 925 siquis
654 838 762 900 totam
793 829 1094 925 congregationem
1113 831 1172 926 qui
1198 842 1332 928 regeret

322 952 495 1051 eligendus
520 964 623 1040 esset,
656 952 886 1047 aprovinciae
904 954 1076 1049 episcopis
1107 955 1143 1025 in
1168 952 1331 1028 eumdem

320 1078 434 1150 locum
458 1077 687 1173 congregatis,
716 1074 799 1148 cleri
820 1074 1006 1172 populique
1029 1075 1109 1149 latis
1136 1076 1328 1174 suffragiis,

322 1197 576 1274 nominabatur.
602 1199 786 1271 illectionis
814 1199 913 1272 istius
935 1199 1037 1296 plane
1061 1200 1204 1273 modum
1220 1201 1257 1273 in
1275 1201 1331 1274 lit·

321 1328 406 1401 teris
425 1324 470 1399 ad
492 1326 728 1398 Antonianum
743 1324 934 1421 Cyprianus
949 1324 1126 1399 exhibete
1137 1325 1339 1422 Episcopus·

320 1474 401 1523 vero
419 1462 499 1522 cum
512 1447 603 1520 clero
624 1470 664 1519 ac
680 1448 805 1544 populo
831 1447 965 1520 solebat
983 1449 1121 1545 negotia
1141 1449 1332 1521 communi-

321 1586 435 1665 carc23
456 1574 485 1646 si
499 1575 577 1669 quis
598 1597 639 1644 ex
655 1574 703 1645 eis
715 1595 737 1644 a
750 1595 832 1645 vcra
848 1570 915 1644 lide
933 1570 1098 1645 dissidere
1116 1573 1330 1670 perspicere·

320 1710 388 1787 tur,
404 1697 519 1769 caeteri
535 1703 608 1793 ejus
622 1720 703 1769 oves
722 1693 894 1770 debebant
920 1690 1117 1792 colligerci.
1139 1697 1330 1785 Quotannis

319 1819 470 1911 tandem,
494 1820 675 1892 Paschalia
701 1829 780 1915 post
798 1819 888 1892 festa
911 1820 1057 1916 quilibet
1076 1820 1229 1916 episcopi
1251 1822 1331 1893 Gar-

320 1946 496 2042 thaginem
515 1944 680 2042 petebant
700 1956 740 2017 ιιι
762 1945 907 2017 concilia
927 1945 1066 2017 inirent.
1085 1947 1270 2038 Praeterea,
1291 1959 1331 2021 ut

315 2078 388 2166 jam
417 2069 580 2159 diximus,
612 2067 763 2163 ejusdem
790 2068 976 2164 provinciae
1004 2070 1156 2165 episcopi
1180 2067 1330 2166 synodos

318 2194 493 2266 habebant
507 2193 543 2265 in
561 2173 706 2289 quibus,
717 2202 757 2263 ut
776 2190 875 2264 hodic
899 2191 1009 2263 solent
1026 2191 1180 2289 praelecti
1203 2194 1327 2281 nostri,

318 2322 407 2392 inter
419 2341 456 2389 se
476 2315 631 2389 derebus
649 2316 791 2413 privatis
811 2315 1043 2388 conserebant.
1061 2318 1177 2412 ltaque
1192 2340 1252 2389 eos
1269 2318 1329 2414 qui

319 2443 518 2517 Christiane
535 2441 661 2514 Africae
678 2438 783 2512 rebus
804 2438 954 2533 student,
975 2441 1194 2538 potissimum
1214 2440 1329 2540 legen·

316 2567 369 2640 dis
401 2564 740 2665 Carthaginiensibus
771 2565 925 2637 conciliis
953 2563 1134 2637 intendant
1173 2565 1328 2640 animum

318 2715 457 2764 neccsse
475 2701 541 2780 cst,
562 2688 724 2786 equibus
743 2688 876 2763 scilicet
897 2700 933 2761 et
958 2686 1150 2763 docuinam
1173 2700 1208 2763 et
1221 2687 1326 2764 disci·

317 2815 448 2911 plinam
471 2827 505 2885 et
522 2837 637 2887 mores
659 2829 693 2885 ct
716 2836 801 2885 usus
827 2824 861 2885 et
883 2812 975 2886 sacta
997 2812 1210 2912 amplissime
1229 2814 1326 2889 acci-

318 2939 424 3035 pient.

352 3151 374 3195 1.
390 3142 483 3212 cypr„
493 3146 578 3210 Epist.
590 3143 641 3196 tu.

351 3237 375 3280 ι.
393 3226 443 3292 ld,
459 3230 545 3295 sprec
558 3228 660 3282 xxxu.

350 3317 372 3361 a.
389 3309 439 3376 ld,
458 3312 496 3365 ad
506 3312 598 3380 steph.
613 3316 680 3377 Pop.
