3300 5272
414 531 416 534 ,
485 488 769 540 ctnrnmrmrrsrs
794 487 955 557 meroen,
1180 464 1227 537 99

221 615 393 715 sperabat,
421 615 575 690 deserte
597 640 661 690 sua
684 615 891 712 impavidus,
916 617 1038 688 timore
1057 614 1137 688 licet
1161 638 1225 711 pro

221 742 489 839 Carthaginiensi
511 742 656 815 ecclesia
679 764 748 813 non
767 763 895 814 vacuus
919 750 1023 813 esset.
1049 741 1224 813 Primaevan

221 868 325 962 igitur
356 865 521 939 Ecclesia
541 863 759 962 disciplinam
780 866 1000 941 imminutam
1027 861 1219 959 deplorans,

222 991 298 1063 auri
313 989 444 1064 famem
466 1012 506 1062 ac
522 979 607 1062 vitia
630 986 757 1086 quibus
786 986 829 1061 ad
856 986 993 1061 divitias
1021 985 1226 1059 inflammati

221 1112 376 1186 laborare
403 1111 530 1201 solent,
558 1112 701 1209 hujusce
720 1123 754 1183 et
771 1112 937 1208 temporis
957 1123 991 1183 et
1010 1123 1110 1184 terrae
1132 1133 1225 1183 com·

101 1262 103 1266 ⁴
223 1260 326 1310 mune
348 1237 496 1325 malum,
518 1236 731 1334 gravissimis
757 1235 872 1308 verbis
900 1236 1127 1333 persequitur.
1157 1235 1224 1322 Qui

223 1377 306 1458 ergo
330 1383 385 1434 res
408 1384 547 1457 asperas
572 1359 674 1432 facile
706 1359 903 1448 tolerarent,
923 1360 966 1430 iis
994 1359 1104 1432 otium
1134 1358 1227 1432 oneri

224 1485 310 1574 fuit;
328 1485 484 1580 pecuniae
497 1483 620 1581 cupido
638 1483 826 1556 multorum
844 1483 1015 1556 malorum
1034 1484 1133 1579 quasi
1153 1504 1227 1554 ma·

227 1609 342 1700 teries,
359 1610 476 1681 crevit.
496 1611 542 1680 At
554 1608 887 1705 Carthaginiensium
905 1630 1019 1680 mores
1032 1630 1108 1705 quae
1122 1606 1229 1704 expli·

229 1745 309 1805 cant
331 1756 372 1805 ea
388 1732 517 1805 referre
530 1740 640 1830 juvat.

275 1858 453 1929 Diutumae
477 1878 559 1954 ergo
582 1849 680 1952 pacis
703 1856 867 1928 securitas
896 1852 940 1926 ad
969 1854 1229 1929 delectationem

228 1980 453 2053 Ethnicorum
463 1979 628 2053 luxuriosi
639 1977 752 2052 cultus
766 1990 868 2076 atque
880 1980 1035 2076 pecunia
1047 2001 1125 2076 quar
1139 2003 1231 2053 eom·

227 2103 408 2177 moditates
417 2104 498 2176 ritae
515 2101 647 2199 praebet
658 2125 698 2175 ac
707 2100 950 2198 jucunditates,
964 2100 1151 2200 permultos
1163 2113 1232 2175 tra·

228 2226 382 2300 duxerat.
397 2226 501 2301 ⁴Unde
518 2251 599 2302 oum
624 2226 780 2300 fortunas
803 2227 949 2319 sitirent,
977 2228 1130 2324 pristinae
1147 2250 1229 2300 con·

228 2350 417 2424 suetudinis
441 2349 538 2424 obliti
567 2381 581 2415 s
611 2349 797 2423 studebant
822 2348 977 2449 augendo
1000 2351 1228 2448 patrimonio,
1327 2427 1330 2437 ,

229 2473 503 2573 ampliandisqne
529 2474 741 2549 incubabant
762 2473 997 2550 facultatibus.
1025 2478 1114 2548 »Ex
1144 2498 1228 2574 quo,

228 2621 338 2694 neque
361 2598 397 2670 in
417 2597 652 2672 sacerdotibus
679 2596 813 2672 devotio
840 2599 1036 2697 perfectior,
1063 2623 1174 2698 neque
1196 2601 1231 2672 in

229 2722 393 2795 ministris
406 2723 570 2820 integrior
583 2721 688 2816 fides3
706 2725 742 2795 in
756 2723 839 2796 viris
855 2753 869 2789 r
887 2737 1049 2822 corrupta
1065 2724 1187 2813 barba,
1213 2758 1228 2789 n

228 2845 264 2916 in
276 2843 478 2918 mulieribus
497 2874 511 2910 ι
536 2844 649 2917 forma
666 2838 811 2918 luceto»
832 2857 868 2919 et
888 2877 902 2913 a
922 2846 1032 2945 capilli
1051 2846 1230 2920 mendacio

231 2967 371 3042 colorati
383 2991 521 3042 »mores
534 2966 578 3041 ad
591 2969 769 3042 mollitiem
782 2968 936 3043 labantes
946 2970 1228 3068 comprobabant.

230 3091 399 3189 antiquus
407 3095 592 3166 Poenorum
602 3092 755 3182 morbus,
772 3094 960 3193 perjurium
974 3095 1012 3166 in
1024 3096 1232 3168 Christiano·

228 3239 305 3289 rum
320 3227 455 3291 mentes
468 3238 543 3292 sese
552 3222 592 3289 ut
603 3239 773 3291 venenum
780 3217 870 3292 lente
880 3229 1021 3316 epotum
1035 3217 1163 3291 sensim
1175 3218 1229 3290 in·

230 3338 401 3415 sinuabat.
423 3343 496 3415 lmo
517 3320 833 3438 negotiosum'apud
852 3341 1031 3440 populum,
1049 3342 1122 3437 qui,
1143 3340 1233 3414 bello

229 3461 428 3555 destitutus,
448 3462 668 3560 potissimum
691 3464 898 3536 commercio
920 3461 1109 3537 exercendo
1126 3474 1160 3539 et
1174 3488 1233 3539 su·

229 3584 406 3684 perbiebat
417 3597 453 3659 et
465 3584 709 3676 delectabatur,
726 3585 851 3683 quibus
864 3584 1108 3661 naviculariam
1117 3588 1231 3662 facere

229 3710 351 3782 honori
385 3719 458 3783 erat
481 3732 630 3803 summo,
665 3709 806 3808 plurimi
834 3709 1038 3784 videbantur
1064 3711 1229 3810 episcopi,

235 3864 250 3900 e
267 3832 383 3907 divina
394 3835 633 3931 procuratione
644 3843 852 3931 contempta,
867 3845 1107 3931 procuratores
1115 3857 1233 3910 rerum

231 3951 448 4029 saecirlarium
465 3956 552 4047 fieri,
576 3954 738 4029 derelicta
755 3954 931 4048 cathedra,
956 3955 1055 4054 plebe
1081 3955 1228 4051 dasena,

232 4101 293 4174 per
308 4078 435 4154 alienas
451 4082 644 4178 provincias
656 4080 857 4155 oberrantes
870 4081 1107 4178 negotiationis
1122 4102 1233 4175 quaes·
