3300 5272
538 424 692 485 nsunt!
718 424 887 486 ttuutn
920 423 1038 483 CXIII.
1289 431 1343 486 221

229 592 350 657 fractus
359 591 488 671 labore,
503 587 591 654 flexis
602 612 704 680 prope
714 590 863 655 ostiolum
876 589 1023 679 genibus,
1039 611 1155 654 somno
1168 590 1345 655 succubuit.

275 716 354 781 Inde
365 731 464 804 caput
476 714 644 804 proferens
656 738 727 780 mus
739 713 880 803 adrepit‚
896 737 945 796 ac,
961 736 1069 777 rursus
1082 713 1222 801 impacto
1235 712 1344 794 dente,

228 840 363 930 aufugit.

271 967 452 1053 Exsurgens
477 980 584 1029 autem
601 982 726 1045 taurus,
752 987 813 1029 nec
835 964 961 1029 habens
977 960 1055 1050 quid
1071 961 1185 1043 faciat,
1203 963 1346 1027 haerebat

227 1089 325 1151 animi
340 1087 467 1153 dubius.

271 1212 330 1275 Cui
350 1236 421 1277 mus
447 1236 521 1277 cuin
544 1238 675 1279 susurro
691 1239 699 1279 :
717 1245 730 1270 ι
747 1215 822 1280 Non
846 1215 902 1302 qui
926 1230 973 1277 est
988 1234 1126 1300 corpore
1141 1228 1247 1276 vastus
1262 1234 1343 1277 sem·

226 1358 311 1423 «per
335 1352 382 1401 est
407 1353 539 1425 potens,
569 1362 669 1425 quum
692 1339 794 1427 magis
824 1337 911 1425 quod
937 1353 985 1402 est
1012 1359 1148 1425 parvum
1171 1352 1204 1399 et
1223 1335 1345 1400 humile

226 1489 239 1514 «ι
253 1460 356 1525 valeat
371 1493 396 1527 υ.

720 1881 841 1947 CXIII.

580 2128 733 2188 OPILIO
762 2127 819 2187 ET
848 2127 986 2186 etms,

269 2473 361 2535 Intus
377 2487 464 2560 septa
485 2471 616 2560 quidam
639 2472 764 2560 vesperi
786 2493 985 2560 congregans
1009 2493 1102 2552 oves,
1127 2470 1252 2535 fulvum
1278 2495 1342 2536 unu

222 2594 334 2684 lupum
355 2611 423 2660 erat
440 2596 628 2661 inclusurus.
654 2596 729 2679 Quo
756 2610 931 2683 conspecto
956 2594 1044 2659 canis
1066 2596 1187 2683 pastori
1214 2625 1227 2651 ι
1248 2595 1341 2678 Quo·

224 2717 351 2782 «modo
380 2719 540 2783 festinas»
575 2717 672 2799 dixit,
706 2749 719 2774 a
740 2741 815 2782 oves
843 2740 985 2800 servare,
1013 2718 1068 2806 qui
1093 2718 1191 2783 istum
1215 2717 1257 2783 ad
1281 2742 1341 2783 nos

224 2873 236 2896 a
252 2843 437 2907 intromittis
455 2843 488 2906 a?

172 3143 173 3146 ’
266 3128 417 3194 Ostendit
430 3129 540 3194 fabula
558 3151 623 3192 non
640 3144 710 3193 tutu
726 3153 795 3194 esse
809 3130 1034 3218 improborum
1048 3129 1272 3195 contubernia.

250 3548 308 3598 rab.
320 3554 402 3600 exul·
417 3549 487 3600 osus.
498 3554 586 3612 cursy.
601 3549 660 3598 rab.
674 3553 729 3599 271.
805 3548 912 3598 scribam
924 3562 938 3598 e
949 3547 1037 3610 suidn;
1056 3561 1172 3611 nuncque
1183 3549 1269 3606 κνηκὸν
1281 3560 1337 3597 eur·

252 3633 275 3676 t.
292 3632 321 3691 I,
330 3628 417 3679 κνακὸν
432 3630 511 3679 λύκον.
524 3631 604 3686 Quem
622 3629 696 3677 vocnt
712 3626 754 3676 τὸν
804 3627 892 3689 rigens,
902 3628 964 3678 milti
977 3628 1043 3679 visus
1053 3641 1108 3679 sum
1116 3627 1246 3679 diusctum
1257 3626 1336 3678 Rubrii

219 3708 317 3757 smtav
339 3708 429 3759 Fabula
451 3713 504 3760 ¹2³.
526 3709 572 3759 ssd
596 3706 635 3758 nte
653 3707 752 3767 κνηκίαν
804 3707 941 3758 mtiIuere.
