3300 5272
541 519 666 571 orsurus
690 521 729 569 sn
760 521 927 572 nossem..
1183 499 1231 575 35

276 650 352 736 Quo
379 669 462 721 vero
483 648 599 722 furore
622 649 659 722 in
684 648 896 724 Christianos
922 660 1037 729 acuum
1061 648 1168 733 fuerit
1196 659 1233 724 et

111 824 112 829 ,
229 771 356 847 saeculo
371 769 521 846 secundo
535 785 681 846 excunte
697 785 733 846 et
748 773 966 872 potissimum
978 774 1118 848 ineunte
1130 775 1233 849 tertio

228 907 335 970 testes
348 896 479 971 multos
499 898 708 994 occepimus.
732 901 950 997 DeAEgppto
964 921 1047 989 sua,
1074 898 1232 974 Clemens

227 1042 305 1095 sese
328 1020 474 1120 singulis
503 1020 627 1096 diebm
648 1020 862 1097 chundmtes
886 1035 1080 1121 martyrum
1100 1023 1233 1099 cruoris

227 1146 340 1220 fontes
352 1145 481 1219 vidisse
494 1142 659 1237 declarat,
673 1156 747 1243 ἡμῖν
766 1143 802 1218 li
814 1147 937 1244 ἄφθονοι
959 1153 1115 1245 μαρτύρων
1131 1149 1234 1245 πηγαὶ

226 1272 359 1352 ἑκάστης
370 1274 495 1368 ἡμέρας,
509 1276 540 1341 le
553 1273 722 1367 ὀφθαἋμοις
731 1279 830 1367 ἡμῶν,
844 1274 1041 1368 θεωρούμεναι
1050 1280 1079 1343 ¹.'
1092 1271 1235 1346 Cartha·

226 1395 435 1492 giniensium
454 1405 571 1469 nutem
590 1393 777 1468 ostendunt
801 1395 973 1468 immanes
995 1394 1130 1469 animos
1152 1397 1234 1469 Peu-

225 1529 340 1616 petum
351 1542 394 1592 oc
407 1510 581 1595 sociorum
594 1531 674 1593 coto
682 1542 761 1616 qum
777 1519 867 1593 inter
882 1528 917 1592 et
929 1518 1179 1616 pretiosissime
1199 1532 1236 1594 ct

226 1643 419 1717 certissimo
436 1641 504 1718 fide
516 1644 760 1741 comprobatos
776 1643 950 1717 nascentis
962 1625 1129 1718 Ecclesiae
1140 1644 1234 1719 Airi-

226 1789 323 1842 conae
335 1766 499 1865 reliquias
517 1779 600 1841 sunt
624 1764 863 1841 adscribendo.
891 1768 931 1840 ln
946 1766 1036 1842 libro
1056 1790 1161 1866 quem
1187 1771 1234 1844 od

225 1893 388 1987 licrtpres
400 1893 588 1966 incarcere
604 1892 811 1965 constitutos
821 1891 960 1988 scripsit
974 1914 1017 1964 ec
1028 1902 1234 1990 tempestato

225 2012 469 2107 Tertullianum,
484 2015 630 2114 gladios,
645 2038 776 2101 cruces,
792 2014 937 2105 bestias,
951 2015 1081 2114 ignem,
1096 2016 1230 2104 exsilio,

225 2138 366 2212 metullo
383 2162 475 2236 serpe
493 2140 687 2236 sepiusque
702 2137 864 2235 explicet,
883 2148 986 2235 utque
1002 2160 1107 2212 omne
1121 2138 1233 2211 curni-

224 2263 300 2337 iicis
313 2263 353 2336 in
366 2265 546 2338 tormentis
566 2264 744 2363 ingenium
764 2263 800 2335 in
818 2271 1042 2359 conspectum
1052 2263 1163 2359 ponit.

275 2386 455 2458 Exstincto
475 2386 619 2475 Severo,
642 2382 817 2458 macula
836 2385 915 2481 qui,
930 2392 970 2457 ut
982 2381 1089 2458 hebet
1101 2384 1231 2459 Tertul-

224 2506 358 2597 lianus,
383 2508 575 2585 Christiano
588 2509 679 2584 lecte
691 2509 803 2582 lueret
815 2507 992 2600 educatus,
1008 2509 1069 2606 qui
1081 2519 1232 2585 temenc

224 2631 493 2706 Christianorum
509 2632 666 2708 moribus
686 2655 763 2706 sese
781 2630 932 2729 praebuit
956 2631 1225 2724 alienissimum,

222 2755 259 2828 in
282 2755 439 2853 plurimis
470 2758 608 2854 imperii
640 2756 828 2855 prouinciis
860 2779 903 2830 uc
940 2757 1159 2853 potissimum
1175 2757 1226 2830 rin

223 2878 389 2954 essone
425 2881 580 2979 inceptos
622 2882 819 2956 inimicitias
863 2881 1088 2955 continuavit.
1141 2883 1225 2954 Cor·

222 3003 360 3102 thegine
384 3005 549 3080 nimir-mn
567 3017 771 3103 procurator
801 3003 950 3103 Scapula
975 3002 1095 3078 fideles
1127 3029 1226 3078 com-

222 3126 387 3222 burebat,
415 3128 498 3203 licet
513 3131 604 3204 inter
618 3152 679 3203 eoe
702 3152 805 3203 nemo
831 3150 983 3227 unquam
1007 3128 1227 3224 imperatoris

222 3251 332 3325 hostis
345 3265 503 3350 repertus
516 3254 651 3329 fuisset.

269 3374 428 3450 Ecclesia
450 3375 590 3451 tandem
605 3378 773 3453 Africana
798 3400 820 3451 e
839 3376 993 3450 Macrino
1019 3375 1064 3449 cd
1081 3378 1228 3451 Decium
1316 3396 1322 3404 ·

222 3520 333 3597 usqne
366 3497 557 3601 paululum·
586 3502 779 3599 respiravit.
823 3501 985 3573 Attmnen
1016 3500 1235 3583 nanninus,

221 3621 407 3698 Alexandri
418 3623 498 3698 odio
507 3624 718 3699 Christianos
731 3625 881 3716 rexerit,
896 3635 931 3697 el
942 3623 1127 3721 imprimis,
1143 3647 1235 3698 euc··

221 3759 295 3821 tore
308 3746 473 3843 Eusebio,
488 3753 556 3832 τοὺς
572 3759 635 3821 τῶν
655 3755 822 3828 ἐκκλησιῶν
837 3747 986 3847 ἄρχοντας
1000 3748 1106 3847 jussit
1124 3748 1228 3820 inler-

220 3870 297 3965 fici3
313 3873 384 3946 imo
404 3871 517 3948 cedes
531 3896 708 3972 nunquam
730 3872 874 3948 omnino
897 3874 1102 3949 intermissae
1119 3855 1236 3947 luisse-

162 4120 164 4124 *
257 4155 817 4226 r.scroesom1.11‚p.ro⁴,eu.nottssi.
859 4135 861 4141 ’
