3300 5272
778 412 925 475 BABRH
959 416 1132 476 usuum
1164 419 1275 479 XLIV.
1545 432 1584 483 89

513 573 562 638 De
577 574 640 638 tuis
657 576 753 640 rebus
768 600 865 664 quum
884 579 997 643 statuis
1022 577 1201 662 judicium,
1229 581 1274 645 nil
1300 579 1399 648 firmae
1422 583 1584 670 opinionis

468 698 630 786 concipias
662 722 700 764 ex
729 700 936 788 praejudicio,
965 725 1026 767 nec
1059 726 1169 768 rursus
1199 702 1349 793 desperes
1379 707 1585 794 animumque

468 819 696 910 despondeas:
720 823 800 889 adeo
826 824 1007 914 decipimur
1030 826 1192 892 interdum
1216 828 1315 893 nimia
1341 830 1458 894 mentis
1482 828 1584 894 confi·

469 966 571 1008 srone.

855 1755 987 1815 Tuum
1019 1756 1075 1814 ΕΤ
1104 1756 1198 1815 LEO.

517 2158 596 2221 Tres
612 2156 694 2220 tauri
717 2177 842 2244 semper
858 2153 1034 2243 pascebant
1051 2155 1159 2219 simul.
1186 2155 1278 2236 Quos
1290 2171 1326 2219 ut
1345 2152 1591 2242 comprenderet

473 2297 644 2363 insidiatus
659 2297 724 2379 leo,
741 2311 876 2362 cunctos
891 2318 956 2359 una
969 2317 1038 2358 non
1052 2295 1187 2383 putabat
1202 2316 1237 2358 se
1252 2316 1348 2383 posse
1360 2296 1500 2358 vincere.

517 2436 582 2502 Sed
597 2435 745 2501 subdolis
759 2435 833 2501 illos
852 2436 1057 2501 sermonibus
1073 2458 1111 2500 ac
1127 2433 1295 2499 calumniis
1310 2431 1467 2499 collidens
1484 2432 1590 2495 inimi-

474 2578 581 2660 cabat3
611 2594 662 2659 et,
693 2580 739 2643 sic
758 2577 918 2665 disjuncta
940 2578 1117 2643 amicorum
1135 2578 1308 2659 societate,
1332 2575 1474 2666 singulos
1496 2573 1592 2664 coepit

476 2720 572 2800 vesci,
591 2719 700 2783 cibum
714 2717 851 2783 facilem.

520 2868 639 2934 AEvum
658 2890 753 2957 quam
774 2867 966 2931 tutissimum
982 2890 1074 2958 agere
1090 2870 1117 2932 si
1136 2867 1230 2948 velis,
1257 2867 1395 2932 inimicis
1415 2880 1486 2931 esto
1501 2861 1591 2929 diffi-

476 3011 566 3093 dens,
583 3027 617 3076 et
631 3014 752 3078 amicos
766 3035 894 3104 semper
907 3014 1055 3078 retineas.

509 3444 531 3486 o.
559 3438 667 3500 Ignatius
691 3439 717 3488 in
742 3444 866 3503 comyaua
892 3454 916 3503 p.
947 3440 1006 3491 19³2
1061 3439 1162 3502 protulit
1174 3438 1259 3489 Miller.
1270 3438 1307 3488 vir
1319 3439 1385 3489 doct.
1398 3438 1533 3489 εἜιαστον
1548 3439 1593 3488 εἷεν

477 3517 596 3568 'Eremos
625 3518 756 3584 Μίδρωκε
782 3520 869 3583 γυμνὸν
898 3523 930 3576 ὡς
958 3521 1007 3570 ἕνα.
1060 3520 1227 3586 eamdam
1239 3519 1331 3574 ἀθλίως.
1349 3524 1395 3568 Pro
1409 3518 1454 3569 εἶεν
1465 3517 1593 3580 legendum

478 3602 557 3660 Quem
576 3610 674 3648 verrom
692 3597 763 3649 aliter
773 3599 914 3662 scriptume
925 3599 1008 3650 codice
1061 3597 1159 3648 ridetur
1170 3599 1241 3661 εἶχεν,
1252 3596 1290 3648 rol
1302 3598 1378 3648 ίσιεν.
