<?xml version="1.0" encoding="UTF-8"?>
<!DOCTYPE html PUBLIC "-//W3C//DTD XHTML 1.0 Transitional//EN"
    "http://www.w3.org/TR/xhtml1/DTD/xhtml1-transitional.dtd">
<html xmlns="http://www.w3.org/1999/xhtml" xml:lang="en" lang="en">
 <head>
  <title>
</title>
<meta http-equiv="Content-Type" content="text/html;charset=utf-8" />
  <meta name='ocr-system' content='tesseract 3.04.00' />
  <meta name='ocr-capabilities' content='ocr_page ocr_carea ocr_par ocr_line ocrx_word'/>
</head>
<body>
  <div class='ocr_page' id='page_1' title='image "./desanctocyprian00blamgoog_0139.png"; bbox 0 0 3300 5272; ppageno 0'>
   <div class='ocr_carea' id='block_1_1' title="bbox 754 412 1596 476">
    <p class='ocr_par' dir='ltr' id='par_1_1' title="bbox 754 412 1596 476">
     <span class='ocr_line' id='line_1_1' title="bbox 754 412 1596 476; baseline 0.004 -5"><span class='ocrx_word' id='word_1_1' title='bbox 754 412 903 473; x_wconf 79' lang='lat' dir='ltr'><strong>anantt</strong></span> <span class='ocrx_word' id='word_1_2' title='bbox 931 415 1113 474; x_wconf 77' lang='lat' dir='ltr'><strong>tntutnt</strong></span> <span class='ocrx_word' id='word_1_3' title='bbox 1138 415 1319 475; x_wconf 77' lang='lat' dir='ltr'><strong>tlt-tut.</strong></span> <span class='ocrx_word' id='word_1_4' title='bbox 1541 426 1596 476; x_wconf 78' lang='lat'><strong>¹05</strong></span> 
     </span>
    </p>
   </div>
   <div class='ocr_carea' id='block_1_2' title="bbox 1000 753 1073 820">
    <p class='ocr_par' dir='ltr' id='par_1_2' title="bbox 1000 753 1073 820">
     <span class='ocr_line' id='line_1_2' title="bbox 1000 753 1073 820; baseline -0.027 -1"><span class='ocrx_word' id='word_1_5' title='bbox 1000 753 1073 820; x_wconf 81' lang='lat' dir='ltr'><strong>Lu.</strong></span> 
     </span>
    </p>
   </div>
   <div class='ocr_carea' id='block_1_3' title="bbox 780 965 1333 1064">
    <p class='ocr_par' dir='ltr' id='par_1_3' title="bbox 780 965 1333 1064">
     <span class='ocr_line' id='line_1_3' title="bbox 780 965 1333 1064; baseline 0.009 -5"><span class='ocrx_word' id='word_1_6' title='bbox 780 1000 1010 1063; x_wconf 82' lang='lat' dir='ltr'><strong>auantcus</strong></span> <span class='ocrx_word' id='word_1_7' title='bbox 1044 1002 1101 1061; x_wconf 68' lang='grc' dir='ltr'><strong>ΕΤ</strong></span> <span class='ocrx_word' id='word_1_8' title='bbox 1133 1003 1294 1064; x_wconf 74' lang='lat' dir='ltr'><strong>nunus.</strong></span> <span class='ocrx_word' id='word_1_9' title='bbox 1329 965 1333 973; x_wconf 67' lang='grc'>’</span> 
     </span>
    </p>
   </div>
   <div class='ocr_carea' id='block_1_4' title="bbox 479 1282 1604 1482">
    <p class='ocr_par' dir='ltr' id='par_1_4' title="bbox 479 1282 1604 1482">
     <span class='ocr_line' id='line_1_4' title="bbox 527 1282 1604 1381; baseline 0 -25"><span class='ocrx_word' id='word_1_10' title='bbox 527 1291 576 1357; x_wconf 81' lang='lat' dir='ltr'><strong>nd</strong></span> <span class='ocrx_word' id='word_1_11' title='bbox 592 1293 709 1357; x_wconf 86' lang='lat' dir='ltr'><strong>urbem</strong></span> <span class='ocrx_word' id='word_1_12' title='bbox 733 1282 876 1358; x_wconf 80' lang='lat' dir='ltr'><strong>rotarum</strong></span> <span class='ocrx_word' id='word_1_13' title='bbox 893 1309 1034 1381; x_wconf 87' lang='lat' dir='ltr'><strong>quatuor</strong></span> <span class='ocrx_word' id='word_1_14' title='bbox 1059 1294 1192 1358; x_wconf 88' lang='lat' dir='ltr'><strong>rhedam</strong></span> <span class='ocrx_word' id='word_1_15' title='bbox 1207 1295 1343 1374; x_wconf 86' lang='lat' dir='ltr'><strong>masculi</strong></span> <span class='ocrx_word' id='word_1_16' title='bbox 1357 1295 1502 1359; x_wconf 85' lang='lat' dir='ltr'><strong>humeris</strong></span> <span class='ocrx_word' id='word_1_17' title='bbox 1522 1296 1604 1357; x_wconf 87' lang='lat' dir='ltr'><strong>tauri</strong></span> 
     </span>
     <span class='ocr_line' id='line_1_5' title="bbox 479 1415 660 1482; baseline 0.022 -4"><span class='ocrx_word' id='word_1_18' title='bbox 479 1415 660 1482; x_wconf 84' lang='lat' dir='ltr'><strong>trahebant.</strong></span> 
     </span>
    </p>
   </div>
   <div class='ocr_carea' id='block_1_5' title="bbox 528 1537 1410 1623">
    <p class='ocr_par' dir='ltr' id='par_1_5' title="bbox 528 1537 1410 1623">
     <span class='ocr_line' id='line_1_6' title="bbox 528 1537 1410 1623; baseline 0.002 -19"><span class='ocrx_word' id='word_1_19' title='bbox 528 1537 642 1605; x_wconf 84' lang='lat' dir='ltr'><strong>Rheda</strong></span> <span class='ocrx_word' id='word_1_20' title='bbox 656 1557 766 1607; x_wconf 86' lang='lat' dir='ltr'><strong>autem</strong></span> <span class='ocrx_word' id='word_1_21' title='bbox 780 1541 947 1623; x_wconf 84' lang='lat' dir='ltr'><strong>stridebat,</strong></span> <span class='ocrx_word' id='word_1_22' title='bbox 965 1558 997 1608; x_wconf 86' lang='lat' dir='ltr'><strong>ct</strong></span> <span class='ocrx_word' id='word_1_23' title='bbox 1014 1543 1193 1612; x_wconf 88' lang='lat' dir='ltr'><strong>bubulcum</strong></span> <span class='ocrx_word' id='word_1_24' title='bbox 1207 1543 1339 1610; x_wconf 83' lang='lat' dir='ltr'>incessit</span> <span class='ocrx_word' id='word_1_25' title='bbox 1352 1543 1410 1609; x_wconf 86' lang='lat' dir='ltr'><strong>ira.</strong></span> 
     </span>
    </p>
   </div>
   <div class='ocr_carea' id='block_1_6' title="bbox 527 1649 1602 1772">
    <p class='ocr_par' dir='ltr' id='par_1_6' title="bbox 527 1649 1602 1772">
     <span class='ocr_line' id='line_1_7' title="bbox 527 1649 1602 1772; baseline -0.001 -41"><span class='ocrx_word' id='word_1_26' title='bbox 527 1667 596 1750; x_wconf 79' lang='lat' dir='ltr'><strong>Ac,</strong></span> <span class='ocrx_word' id='word_1_27' title='bbox 625 1689 728 1756; x_wconf 87' lang='lat' dir='ltr'><strong>prope</strong></span> <span class='ocrx_word' id='word_1_28' title='bbox 742 1661 921 1751; x_wconf 78' lang='lat' dir='ltr'><strong>accedens,</strong></span> <span class='ocrx_word' id='word_1_29' title='bbox 950 1669 994 1733; x_wconf 88' lang='lat' dir='ltr'><strong>ita</strong></span> <span class='ocrx_word' id='word_1_30' title='bbox 1017 1667 1079 1732; x_wconf 88' lang='lat' dir='ltr'><strong>fuit</strong></span> <span class='ocrx_word' id='word_1_31' title='bbox 1098 1668 1252 1757; x_wconf 81' lang='lat' dir='ltr'><strong>loquutus</strong></span> <span class='ocrx_word' id='word_1_32' title='bbox 1269 1684 1304 1732; x_wconf 91' lang='lat' dir='ltr'><strong>ut</strong></span> <span class='ocrx_word' id='word_1_33' title='bbox 1325 1649 1490 1772; x_wconf 64' lang='lat' dir='ltr'><strong>audiretuc</strong></span> <span class='ocrx_word' id='word_1_34' title='bbox 1515 1689 1522 1731; x_wconf 93' lang='lat'><strong>:</strong></span> <span class='ocrx_word' id='word_1_35' title='bbox 1547 1669 1602 1730; x_wconf 80' lang='lat'><strong>«0</strong></span> 
     </span>
    </p>
   </div>
   <div class='ocr_carea' id='block_1_7' title="bbox 480 1791 1604 2251">
    <p class='ocr_par' dir='ltr' id='par_1_7' title="bbox 480 1791 1603 1985">
     <span class='ocr_line' id='line_1_8' title="bbox 480 1791 1603 1880; baseline -0.003 -24"><span class='ocrx_word' id='word_1_36' title='bbox 480 1813 614 1856; x_wconf 72' lang='lat' dir='ltr'><strong>sacrum</strong></span> <span class='ocrx_word' id='word_1_37' title='bbox 630 1792 769 1880; x_wconf 87' lang='lat' dir='ltr'><strong>pessima</strong></span> <span class='ocrx_word' id='word_1_38' title='bbox 783 1815 925 1857; x_wconf 85' lang='lat' dir='ltr'><strong>mearum</strong></span> <span class='ocrx_word' id='word_1_39' title='bbox 937 1840 946 1873; x_wconf 90' lang='lat'>,</span> <span class='ocrx_word' id='word_1_40' title='bbox 973 1793 1050 1880; x_wconf 88' lang='lat' dir='ltr'><strong>quid</strong></span> <span class='ocrx_word' id='word_1_41' title='bbox 1063 1792 1195 1858; x_wconf 84' lang='lat' dir='ltr'><strong>tandem</strong></span> <span class='ocrx_word' id='word_1_42' title='bbox 1211 1795 1362 1874; x_wconf 77' lang='lat' dir='ltr'><strong>crocitat,</strong></span> <span class='ocrx_word' id='word_1_43' title='bbox 1377 1813 1447 1880; x_wconf 85' lang='lat' dir='ltr'><strong>quae</strong></span> <span class='ocrx_word' id='word_1_44' title='bbox 1460 1791 1603 1857; x_wconf 89' lang='lat' dir='ltr'><strong>humeris</strong></span> 
     </span>
     <span class='ocr_line' id='line_1_9' title="bbox 484 1913 1041 1985; baseline 0.004 -8"><span class='ocrx_word' id='word_1_45' title='bbox 484 1945 496 1969; x_wconf 82' lang='grc' dir='ltr'>ι</span> <span class='ocrx_word' id='word_1_46' title='bbox 511 1913 648 1978; x_wconf 87' lang='lat' dir='ltr'><strong>aliorum</strong></span> <span class='ocrx_word' id='word_1_47' title='bbox 665 1917 800 1979; x_wconf 85' lang='lat' dir='ltr'><strong>vectaris</strong></span> <span class='ocrx_word' id='word_1_48' title='bbox 818 1916 991 1979; x_wconf 81' lang='lat' dir='ltr'><strong>tacentium</strong></span> <span class='ocrx_word' id='word_1_49' title='bbox 1002 1915 1041 1985; x_wconf 50' lang='lat' dir='ltr'><strong>a?</strong></span> 
     </span>
    </p>

    <p class='ocr_par' dir='ltr' id='par_1_8' title="bbox 485 2037 1604 2251">
     <span class='ocr_line' id='line_1_10' title="bbox 527 2037 1604 2128; baseline 0 -27"><span class='ocrx_word' id='word_1_50' title='bbox 527 2038 675 2127; x_wconf 76' lang='lat' dir='ltr'><strong>improbi</strong></span> <span class='ocrx_word' id='word_1_51' title='bbox 690 2053 739 2103; x_wconf 87' lang='lat' dir='ltr'><strong>cst</strong></span> <span class='ocrx_word' id='word_1_52' title='bbox 749 2039 918 2127; x_wconf 79' lang='lat' dir='ltr'><strong>proprium</strong></span> <span class='ocrx_word' id='word_1_53' title='bbox 930 2038 1074 2103; x_wconf 88' lang='lat' dir='ltr'><strong>hominis</strong></span> <span class='ocrx_word' id='word_1_54' title='bbox 1089 2040 1187 2103; x_wconf 89' lang='lat' dir='ltr'><strong>multa</strong></span> <span class='ocrx_word' id='word_1_55' title='bbox 1197 2061 1342 2128; x_wconf 85' lang='lat' dir='ltr'><strong>gemere,</strong></span> <span class='ocrx_word' id='word_1_56' title='bbox 1357 2037 1435 2103; x_wconf 89' lang='lat' dir='ltr'><strong>dum</strong></span> <span class='ocrx_word' id='word_1_57' title='bbox 1449 2037 1501 2101; x_wconf 83' lang='lat' dir='ltr'><strong>atii</strong></span> <span class='ocrx_word' id='word_1_58' title='bbox 1516 2037 1604 2102; x_wconf 88' lang='lat' dir='ltr'><strong>labo·</strong></span> 
     </span>
     <span class='ocr_line' id='line_1_11' title="bbox 485 2161 936 2251; baseline 0.002 -27"><span class='ocrx_word' id='word_1_59' title='bbox 485 2177 568 2242; x_wconf 83' lang='lat' dir='ltr'><strong>rant,</strong></span> <span class='ocrx_word' id='word_1_60' title='bbox 584 2161 676 2248; x_wconf 81' lang='lat' dir='ltr'><strong>quasi</strong></span> <span class='ocrx_word' id='word_1_61' title='bbox 691 2161 845 2251; x_wconf 84' lang='lat' dir='ltr'><strong>fatigetur</strong></span> <span class='ocrx_word' id='word_1_62' title='bbox 859 2162 936 2251; x_wconf 88' lang='lat' dir='ltr'><strong>ipse.</strong></span> 
     </span>
    </p>
   </div>
   <div class='ocr_carea' id='block_1_8' title="bbox 487 2411 1603 2626">
    <p class='ocr_par' dir='ltr' id='par_1_9' title="bbox 487 2411 1603 2626">
     <span class='ocr_line' id='line_1_12' title="bbox 528 2411 1603 2502; baseline -0.003 -23"><span class='ocrx_word' id='word_1_63' title='bbox 528 2415 600 2479; x_wconf 87' lang='lat' dir='ltr'><strong>Hoc</strong></span> <span class='ocrx_word' id='word_1_64' title='bbox 614 2413 713 2479; x_wconf 87' lang='lat' dir='ltr'><strong>edicit</strong></span> <span class='ocrx_word' id='word_1_65' title='bbox 727 2412 859 2480; x_wconf 85' lang='lat' dir='ltr'><strong>fabula:</strong></span> <span class='ocrx_word' id='word_1_66' title='bbox 875 2447 887 2470; x_wconf 75' lang='grc' dir='ltr'>ι</span> <span class='ocrx_word' id='word_1_67' title='bbox 902 2415 1014 2497; x_wconf 90' lang='lat' dir='ltr'><strong>Quum</strong></span> <span class='ocrx_word' id='word_1_68' title='bbox 1029 2415 1125 2479; x_wconf 85' lang='lat' dir='ltr'><strong>rebus</strong></span> <span class='ocrx_word' id='word_1_69' title='bbox 1141 2413 1294 2478; x_wconf 82' lang='lat' dir='ltr'><strong>insudent</strong></span> <span class='ocrx_word' id='word_1_70' title='bbox 1308 2413 1381 2495; x_wconf 82' lang='lat' dir='ltr'><strong>atii,</strong></span> <span class='ocrx_word' id='word_1_71' title='bbox 1402 2435 1444 2477; x_wconf 89' lang='lat' dir='ltr'><strong>ne</strong></span> <span class='ocrx_word' id='word_1_72' title='bbox 1458 2411 1512 2477; x_wconf 90' lang='lat' dir='ltr'><strong>alii</strong></span> <span class='ocrx_word' id='word_1_73' title='bbox 1536 2412 1603 2502; x_wconf 88' lang='lat' dir='ltr'><strong>plo·</strong></span> 
     </span>
     <span class='ocr_line' id='line_1_13' title="bbox 487 2536 1418 2626; baseline 0 -25"><span class='ocrx_word' id='word_1_74' title='bbox 487 2569 500 2593; x_wconf 87' lang='lat'><strong>·</strong></span> <span class='ocrx_word' id='word_1_75' title='bbox 512 2552 585 2602; x_wconf 87' lang='lat' dir='ltr'><strong>rent</strong></span> <span class='ocrx_word' id='word_1_76' title='bbox 597 2538 770 2620; x_wconf 84' lang='lat' dir='ltr'><strong>immerito,</strong></span> <span class='ocrx_word' id='word_1_77' title='bbox 783 2537 972 2626; x_wconf 88' lang='lat' dir='ltr'><strong>alienosque</strong></span> <span class='ocrx_word' id='word_1_78' title='bbox 983 2538 1044 2604; x_wconf 90' lang='lat' dir='ltr'><strong>sibi</strong></span> <span class='ocrx_word' id='word_1_79' title='bbox 1057 2537 1242 2604; x_wconf 79' lang='lat' dir='ltr'><strong>adscribant</strong></span> <span class='ocrx_word' id='word_1_80' title='bbox 1254 2536 1383 2603; x_wconf 75' lang='lat' dir='ltr'><strong>labores</strong></span> <span class='ocrx_word' id='word_1_81' title='bbox 1395 2567 1418 2601; x_wconf 79' lang='grc' dir='ltr'><strong>ι.</strong></span> 
     </span>
    </p>
   </div>
   <div class='ocr_carea' id='block_1_9' title="bbox 999 2951 1090 3018">
    <p class='ocr_par' dir='ltr' id='par_1_10' title="bbox 999 2951 1090 3018">
     <span class='ocr_line' id='line_1_14' title="bbox 999 2951 1090 3018; baseline -0.022 0"><span class='ocrx_word' id='word_1_82' title='bbox 999 2951 1090 3018; x_wconf 83' lang='lat' dir='ltr'><strong>LIII.</strong></span> 
     </span>
    </p>
   </div>
   <div class='ocr_carea' id='block_1_10' title="bbox 823 3213 1270 3277">
    <p class='ocr_par' dir='ltr' id='par_1_11' title="bbox 823 3213 1270 3277">
     <span class='ocr_line' id='line_1_15' title="bbox 823 3213 1270 3277; baseline -0.011 -2"><span class='ocrx_word' id='word_1_83' title='bbox 823 3214 964 3277; x_wconf 83' lang='lat' dir='ltr'>LUPUS</span> <span class='ocrx_word' id='word_1_84' title='bbox 995 3216 1052 3274; x_wconf 74' lang='lat' dir='ltr'><strong>Et·</strong></span> <span class='ocrx_word' id='word_1_85' title='bbox 1084 3213 1270 3275; x_wconf 67' lang='lat' dir='ltr'><strong>tutans.</strong></span> 
     </span>
    </p>
   </div>
   <div class='ocr_carea' id='block_1_11' title="bbox 532 3521 1606 3614">
    <p class='ocr_par' dir='ltr' id='par_1_12' title="bbox 532 3521 1606 3614">
     <span class='ocr_line' id='line_1_16' title="bbox 532 3521 1606 3614; baseline -0.005 -26"><span class='ocrx_word' id='word_1_86' title='bbox 532 3527 571 3589; x_wconf 90' lang='lat' dir='ltr'><strong>In</strong></span> <span class='ocrx_word' id='word_1_87' title='bbox 587 3525 700 3613; x_wconf 82' lang='lat' dir='ltr'><strong>iuputn</strong></span> <span class='ocrx_word' id='word_1_88' title='bbox 710 3524 824 3614; x_wconf 81' lang='lat' dir='ltr'><strong>vulpes</strong></span> <span class='ocrx_word' id='word_1_89' title='bbox 840 3545 911 3610; x_wconf 85' lang='lat' dir='ltr'><strong>quae</strong></span> <span class='ocrx_word' id='word_1_90' title='bbox 923 3521 1079 3586; x_wconf 85' lang='lat' dir='ltr'><strong>inciderat</strong></span> <span class='ocrx_word' id='word_1_91' title='bbox 1093 3523 1229 3604; x_wconf 81' lang='lat' dir='ltr'><strong>misella,</strong></span> <span class='ocrx_word' id='word_1_92' title='bbox 1248 3524 1352 3585; x_wconf 87' lang='lat' dir='ltr'><strong>vivam</strong></span> <span class='ocrx_word' id='word_1_93' title='bbox 1367 3543 1402 3586; x_wconf 87' lang='lat' dir='ltr'><strong>se</strong></span> <span class='ocrx_word' id='word_1_94' title='bbox 1417 3521 1465 3585; x_wconf 86' lang='lat' dir='ltr'><strong>uti</strong></span> <span class='ocrx_word' id='word_1_95' title='bbox 1479 3537 1606 3609; x_wconf 87' lang='lat' dir='ltr'><strong>caperet</strong></span> 
     </span>
    </p>
   </div>
   <div class='ocr_carea' id='block_1_12' title="bbox 492 3647 1188 3739">
    <p class='ocr_par' dir='ltr' id='par_1_13' title="bbox 492 3647 1188 3739">
     <span class='ocr_line' id='line_1_17' title="bbox 492 3647 1188 3739; baseline -0.006 -25"><span class='ocrx_word' id='word_1_96' title='bbox 492 3650 691 3739; x_wconf 86' lang='lat' dir='ltr'><strong>precabatur,</strong></span> <span class='ocrx_word' id='word_1_97' title='bbox 711 3647 967 3737; x_wconf 82' lang='lat' dir='ltr'><strong>neque&#39;vetuiam</strong></span> <span class='ocrx_word' id='word_1_98' title='bbox 980 3648 1188 3712; x_wconf 84' lang='lat' dir='ltr'><strong>interimeret.</strong></span> 
     </span>
    </p>
   </div>
   <div class='ocr_carea' id='block_1_13' title="bbox 490 3978 1608 4439">
    <p class='ocr_par' dir='ltr' id='par_1_14' title="bbox 490 3978 1608 4439">
     <span class='ocr_line' id='line_1_18' title="bbox 491 3978 1608 4048; baseline -0.006 -13"><span class='ocrx_word' id='word_1_99' title='bbox 491 4000 537 4048; x_wconf 74' lang='grc' dir='ltr'><strong>ρος</strong></span> <span class='ocrx_word' id='word_1_100' title='bbox 555 3985 622 4042; x_wconf 62' lang='lat' dir='ltr'><strong>cde«</strong></span> <span class='ocrx_word' id='word_1_101' title='bbox 639 3985 718 4048; x_wconf 67' lang='grc' dir='ltr'><strong>φάρος</strong></span> <span class='ocrx_word' id='word_1_102' title='bbox 731 3985 790 4040; x_wconf 74' lang='grc' dir='ltr'><strong>Πῶς</strong></span> <span class='ocrx_word' id='word_1_103' title='bbox 803 3982 848 4047; x_wconf 80' lang='grc' dir='ltr'><strong>γὰρ</strong></span> <span class='ocrx_word' id='word_1_104' title='bbox 865 3981 939 4046; x_wconf 71' lang='grc' dir='ltr'>φέρεις</span> <span class='ocrx_word' id='word_1_105' title='bbox 955 3981 981 4036; x_wconf 75' lang='grc' dir='ltr'><strong>ὅς</strong></span> <span class='ocrx_word' id='word_1_106' title='bbox 999 3981 1023 4042; x_wconf 78' lang='grc' dir='ltr'><strong>γ’</strong></span> <span class='ocrx_word' id='word_1_107' title='bbox 1075 3985 1150 4031; x_wconf 67' lang='grc' dir='ltr'><strong>ποιεῖν</strong></span> <span class='ocrx_word' id='word_1_108' title='bbox 1173 3982 1199 4030; x_wconf 79' lang='lat' dir='ltr'><strong>at</strong></span> <span class='ocrx_word' id='word_1_109' title='bbox 1216 3984 1296 4029; x_wconf 78' lang='grc' dir='ltr'><strong>πονιῐν</strong></span> <span class='ocrx_word' id='word_1_110' title='bbox 1317 3978 1411 4029; x_wconf 77' lang='lat' dir='ltr'><strong>ostend!</strong></span> <span class='ocrx_word' id='word_1_111' title='bbox 1423 3991 1497 4042; x_wconf 87' lang='lat' dir='ltr'><strong>quam</strong></span> <span class='ocrx_word' id='word_1_112' title='bbox 1513 3978 1547 4028; x_wconf 80' lang='lat' dir='ltr'><strong>sit</strong></span> <span class='ocrx_word' id='word_1_113' title='bbox 1563 3979 1608 4028; x_wconf 79' lang='lat' dir='ltr'><strong>stc·</strong></span> 
     </span>
     <span class='ocr_line' id='line_1_19' title="bbox 490 4059 1608 4129; baseline -0.006 -15"><span class='ocrx_word' id='word_1_114' title='bbox 490 4063 786 4129; x_wconf 68' lang='grc' dir='ltr'><strong>αὐτὸςῠφίτὲροοφίοος</strong></span> <span class='ocrx_word' id='word_1_115' title='bbox 988 4059 990 4063; x_wconf 81' lang='grc'>’</span> <span class='ocrx_word' id='word_1_116' title='bbox 1076 4059 1340 4123; x_wconf 79' lang='lat' dir='ltr'><strong>quensadEunapium</strong></span> <span class='ocrx_word' id='word_1_117' title='bbox 1357 4071 1382 4121; x_wconf 79' lang='lat' dir='ltr'><strong>p.</strong></span> <span class='ocrx_word' id='word_1_118' title='bbox 1399 4063 1456 4120; x_wconf 80' lang='lat'><strong>320,</strong></span> <span class='ocrx_word' id='word_1_119' title='bbox 1473 4062 1519 4109; x_wconf 76' lang='lat'><strong>588</strong></span> <span class='ocrx_word' id='word_1_120' title='bbox 1536 4060 1562 4108; x_wconf 84' lang='lat' dir='ltr'><strong>ct</strong></span> <span class='ocrx_word' id='word_1_121' title='bbox 1578 4060 1608 4108; x_wconf 88' lang='lat' dir='ltr'><strong>td</strong></span> 
     </span>
     <span class='ocr_line' id='line_1_20' title="bbox 523 4137 1608 4206; baseline -0.006 -13"><span class='ocrx_word' id='word_1_122' title='bbox 523 4147 547 4192; x_wconf 86' lang='grc'><strong>8.</strong></span> <span class='ocrx_word' id='word_1_123' title='bbox 564 4148 594 4205; x_wconf 77' lang='lat' dir='ltr'><strong>t,</strong></span> <span class='ocrx_word' id='word_1_124' title='bbox 604 4143 681 4193; x_wconf 75' lang='grc' dir='ltr'>ἄλλων</span> <span class='ocrx_word' id='word_1_125' title='bbox 692 4143 822 4193; x_wconf 74' lang='grc' dir='ltr'><strong>ποιούντων</strong></span> <span class='ocrx_word' id='word_1_126' title='bbox 837 4140 939 4206; x_wconf 61' lang='lat' dir='ltr'><strong>detinet</strong></span> <span class='ocrx_word' id='word_1_127' title='bbox 953 4140 1022 4196; x_wconf 75' lang='grc' dir='ltr'>αὐτὸς</span> <span class='ocrx_word' id='word_1_128' title='bbox 1076 4139 1197 4189; x_wconf 67' lang='lat' dir='ltr'><strong>anecdota</strong></span> <span class='ocrx_word' id='word_1_129' title='bbox 1208 4146 1249 4190; x_wconf 81' lang='lat' dir='ltr'><strong>Gr.</strong></span> <span class='ocrx_word' id='word_1_130' title='bbox 1270 4140 1290 4188; x_wconf 93' lang='lat' dir='ltr'><strong>t.</strong></span> <span class='ocrx_word' id='word_1_131' title='bbox 1307 4145 1332 4198; x_wconf 83' lang='lat'><strong>5,</strong></span> <span class='ocrx_word' id='word_1_132' title='bbox 1350 4152 1374 4201; x_wconf 80' lang='lat' dir='ltr'><strong>p.</strong></span> <span class='ocrx_word' id='word_1_133' title='bbox 1395 4143 1434 4190; x_wconf 75' lang='grc'><strong>89.</strong></span> <span class='ocrx_word' id='word_1_134' title='bbox 1453 4143 1517 4188; x_wconf 82' lang='lat' dir='ltr'><strong>&#39;rum</strong></span> <span class='ocrx_word' id='word_1_135' title='bbox 1534 4137 1608 4188; x_wconf 78' lang='lat' dir='ltr'><strong>finem</strong></span> 
     </span>
     <span class='ocr_line' id='line_1_21' title="bbox 491 4216 1494 4284; baseline -0.002 -17"><span class='ocrx_word' id='word_1_136' title='bbox 491 4219 595 4284; x_wconf 73' lang='grc' dir='ltr'><strong>κάμνον.</strong></span> <span class='ocrx_word' id='word_1_137' title='bbox 607 4222 704 4272; x_wconf 73' lang='lat' dir='ltr'><strong>curren</strong></span> <span class='ocrx_word' id='word_1_138' title='bbox 713 4223 855 4272; x_wconf 70' lang='grc' dir='ltr'><strong>πονούντων.</strong></span> <span class='ocrx_word' id='word_1_139' title='bbox 879 4224 907 4271; x_wconf 72' lang='lat' dir='ltr'><strong>Et</strong></span> <span class='ocrx_word' id='word_1_140' title='bbox 921 4221 945 4268; x_wconf 87' lang='lat' dir='ltr'><strong>in</strong></span> <span class='ocrx_word' id='word_1_141' title='bbox 962 4219 1021 4269; x_wconf 76' lang='lat' dir='ltr'><strong>assa·</strong></span> <span class='ocrx_word' id='word_1_142' title='bbox 1076 4229 1164 4266; x_wconf 81' lang='lat' dir='ltr'><strong>versut</strong></span> <span class='ocrx_word' id='word_1_143' title='bbox 1172 4216 1360 4280; x_wconf 67' lang='lat' dir='ltr'><strong>transpositione</strong></span> <span class='ocrx_word' id='word_1_144' title='bbox 1369 4216 1494 4266; x_wconf 83' lang='lat' dir='ltr'><strong>constitut.</strong></span> 
     </span>
     <span class='ocr_line' id='line_1_22' title="bbox 491 4295 1608 4363; baseline -0.003 -15"><span class='ocrx_word' id='word_1_145' title='bbox 491 4298 625 4362; x_wconf 72' lang='lat' dir='ltr'><strong>nutatione,</strong></span> <span class='ocrx_word' id='word_1_146' title='bbox 643 4307 663 4350; x_wconf 78' lang='grc' dir='ltr'><strong>Α</strong></span> <span class='ocrx_word' id='word_1_147' title='bbox 679 4301 835 4363; x_wconf 67' lang='grc' dir='ltr'><strong>ποιουμένων,</strong></span> <span class='ocrx_word' id='word_1_148' title='bbox 853 4297 919 4363; x_wconf 84' lang='lat' dir='ltr'><strong>qnod</strong></span> <span class='ocrx_word' id='word_1_149' title='bbox 936 4298 1024 4361; x_wconf 63' lang='lat' dir='ltr'><strong>[teritur</strong></span> <span class='ocrx_word' id='word_1_150' title='bbox 1107 4295 1164 4345; x_wconf 75' lang='lat' dir='ltr'><strong>rab.</strong></span> <span class='ocrx_word' id='word_1_151' title='bbox 1175 4301 1235 4345; x_wconf 83' lang='lat' dir='ltr'><strong>Ltlt.</strong></span> <span class='ocrx_word' id='word_1_152' title='bbox 1246 4295 1349 4345; x_wconf 72' lang='lat' dir='ltr'><strong>ctcct.</strong></span> <span class='ocrx_word' id='word_1_153' title='bbox 1359 4299 1481 4358; x_wconf 63' lang='lat' dir='ltr'><strong>Manu.</strong></span> <span class='ocrx_word' id='word_1_154' title='bbox 1492 4298 1608 4356; x_wconf 79' lang='lat'><strong>152‚379.</strong></span> 
     </span>
     <span class='ocr_line' id='line_1_23' title="bbox 492 4372 1577 4439; baseline -0.006 -11"><span class='ocrx_word' id='word_1_155' title='bbox 492 4378 636 4429; x_wconf 78' lang='lat' dir='ltr'><strong>emendabo.</strong></span> <span class='ocrx_word' id='word_1_156' title='bbox 678 4377 848 4429; x_wconf 78' lang='lat' dir='ltr'><strong>confusionem</strong></span> <span class='ocrx_word' id='word_1_157' title='bbox 892 4376 1023 4427; x_wconf 72' lang='lat' dir='ltr'><strong>uerborum</strong></span> <span class='ocrx_word' id='word_1_158' title='bbox 1108 4381 1132 4425; x_wconf 85' lang='lat' dir='ltr'><strong>t.</strong></span> <span class='ocrx_word' id='word_1_159' title='bbox 1148 4373 1447 4439; x_wconf 64' lang='lat' dir='ltr'><strong>suidas:tusptt,tdsta;</strong></span> <span class='ocrx_word' id='word_1_160' title='bbox 1456 4372 1577 4437; x_wconf 74' lang='grc' dir='ltr'><strong>λαμᾶόνει.</strong></span> 
     </span>
    </p>
   </div>
   <div class='ocr_carea' id='block_1_14' title="bbox 0 0 1658 5272">
    <p class='ocr_par' dir='ltr' id='par_1_15' title="bbox 0 0 1658 5272">
     <span class='ocr_line' id='line_1_24' title="bbox 0 0 1658 5272; baseline 0 0"><span class='ocrx_word' id='word_1_161' title='bbox 0 0 1658 5272; x_wconf 95' lang='lat' dir='ltr'><strong> </strong></span> 
     </span>
    </p>
   </div>
  </div>
 </body>
</html>
