3300 5272
506 492 786 543 canrnrorrrrarrsrs
811 493 972 543 meroen.
1179 473 1243 544 103

244 619 358 693 larunt
374 622 498 712 vitam,
509 624 597 694 inter
609 644 695 716 quos
714 619 854 716 quidam
872 622 1079 711 Numidicus,
1095 620 1245 696 Numida

244 744 417 835 nimirum,
446 774 464 809 α
491 744 762 831 semiustulatus,
782 757 817 817 et
830 744 1001 842 lapidibus
1023 744 1179 836 obrutus,
1209 758 1243 819 et

241 891 303 964 pro
323 880 459 942 mortuo
481 868 675 958 derelictus,
702 867 784 942 dum
806 868 1028 966 postmodum
1057 867 1126 941 filia
1148 868 1243 943 solli·
1308 914 1314 931 ι

244 992 312 1063 cito
326 993 464 1088 pietatis
482 990 648 1090 obsequio
663 990 809 1065 cadaver
828 993 937 1091 patris
950 995 1102 1090 inquirit,
1124 994 1246 1068 semia·

245 1117 349 1188 nimis
378 1117 533 1189 inventus
555 1127 590 1187 et
609 1127 783 1189 extractus
804 1129 840 1188 et
866 1115 1076 1191 refocillatus
1096 1140 1119 1190 a
1137 1117 1244 1190 comi·

246 1238 339 1313 tibus
368 1263 457 1337 qnos
486 1241 561 1338 ipse
581 1241 807 1337 premiserat,
825 1242 988 1314 remansit
1017 1243 1163 1314 invictus
1178 1249 1206 1311 ¹.
1226 1273 1240 1307 n

241 1364 353 1451 Quam
376 1362 482 1435 animi
500 1362 773 1460 magnitudinem
791 1363 1011 1436 consecrandi
1027 1388 1146 1454 causa,
1167 1365 1242 1440 Nu·

236 1483 397 1560 midicum
407 1484 498 1558 hunc
508 1487 697 1583 Cyprianus
710 1486 746 1558 in
755 1481 1084 1585 Carthaginiensium
1093 1485 1242 1584 presby-

238 1620 388 1682 tororum
409 1609 565 1682 ordinem
583 1610 768 1707 cooptavit.

281 1734 543 1824 Verumtamen,
565 1733 725 1830 permulti
744 1757 893 1830 quorum
912 1736 1024 1833 magis
1043 1746 1116 1807 erat
1128 1737 1239 1807 consi·

233 1856 317 1930 lium
334 1857 486 1949 imbelle,
506 1859 636 1930 nomini
652 1856 843 1932 christiano
860 1859 1084 1958 ignominiam
1104 1860 1236 1933 inusse-

234 1993 314 2053 runt
332 1983 389 2077 qui
411 1983 573 2055 nimirum
604 2014 617 2046 a
641 1980 685 2055 ad
703 1984 818 2081 prima
840 1984 958 2056 statim
979 1983 1086 2057 rerba
1107 1985 1240 2056 minan·

234 2105 278 2178 tis
301 2105 431 2178 inimici
459 2105 562 2178 fidem
581 2129 678 2179 suam
697 2105 893 2205 prodidere,
919 2138 933 2174 ι
954 2109 1084 2204 quique
1100 2108 1239 2204 propria

232 2228 437 2321 defectione,
475 2240 513 2302 ut
549 2229 701 2303 assolent
725 2228 895 2323 homines,
924 2255 1045 2328 parum
1071 2231 1234 2318 contenti,

233 2365 436 2425 ceterorum
463 2353 697 2451 infringebant
726 2354 871 2447 animos,
900 2366 1003 2450 atque
1036 2354 1233 2451 proconsuli

231 2487 390 2550 votorum
415 2478 564 2575 compoti
590 2476 801 2550 Christianos
825 2476 1057 2575 propinabant
1077 2476 1233 2551 deriden-

230 2599 306 2672 dos.
340 2599 485 2691 Quidam
514 2623 596 2673 rero
623 2600 827 2693 timidiores,
862 2601 906 2674 ad
937 2601 1034 2674 dolos
1064 2603 1229 2693 conversi,

227 2733 330 2820 atque
344 2738 465 2822 aperta
475 2724 698 2799 abhorrentes
712 2724 756 2798 ab
771 2725 961 2821 impietate,
975 2749 1012 2799 se
1023 2724 1090 2799 diis
1104 2726 1232 2798 sacrifi·

229 2859 365 2922 caturos
384 2848 646 2946 pollicebantur.
670 2850 823 2937 Quorum
840 2878 855 2914 r
871 2850 933 2922 etsi
944 2873 1068 2923 manus
1080 2873 1179 2947 pura,
1200 2862 1234 2924 et

225 2997 264 3045 os
292 2978 366 3070 ejus
384 2971 499 3057 feralis
522 2973 592 3046 cibi
613 2974 770 3071 contagia
795 2972 891 3049 nulla
920 2973 1126 3071 polluerit»
1153 2997 1231 3046 cum

223 3108 337 3170 tamen
367 3097 610 3170 «conscientia
627 3096 759 3192 polluta
787 3097 890 3170 fuerit
900 3108 929 3189 ²,
954 3129 972 3164 o
993 3099 1085 3196 turpi
1103 3098 1231 3170 libella·

224 3221 363 3291 ticorum
377 3221 515 3292 nomino
541 3219 674 3308 allecti,
694 3220 785 3292 inter
811 3218 926 3316 lapsos
944 3245 1022 3295 cum
1046 3222 1178 3293 caeteris
1196 3220 1233 3295 fi-

220 3340 274 3414 dei
293 3334 525 3416 desertoribus
538 3341 863 3415 annumerabantur.

270 3464 743 3563 lueisrernmasperitatibus,
756 3466 1229 3541 cummaximamolestiarum

224 3588 333 3664 moles
352 3612 393 3662 ac
407 3587 715 3663 turbulentissima
724 3599 945 3685 tempestates
960 3589 1087 3687 ubique
1103 3591 1229 3663 dlrioae

224 3709 435 3785 Christianos
446 3711 673 3809 exagitarent,
686 3712 831 3785 extorris
844 3710 1027 3808 episcopus
1042 3714 1157 3785 omnia
1169 3736 1229 3811 gu·

255 4045 277 4090 1.
295 4042 381 4104 spat.
394 4037 494 4091 xxxv.

253 4131 275 4176 a.
293 4125 378 4189 epar.
392 4124 443 4176 rar.
