3300 5272
319 477 365 547 88
631 499 775 549 erratum
801 498 1024 556 accensamque

317 648 395 696 oum
418 648 459 697 ea
477 624 520 696 ad
544 647 582 697 se
604 625 811 722 pertinentia
831 625 1013 721 conspicit.
1037 655 1051 689 a
1073 627 1161 697 'lum
1179 624 1327 697 delectat

316 752 352 821 in
368 750 485 821 mimis
498 747 750 845 turpitudinum
766 749 964 846 magisterio
978 748 1033 822 vel
1050 748 1133 845 quid
1146 747 1325 847 domigen-

317 873 400 945 serit
423 893 668 969 recognoscere
690 873 745 946 vel
768 870 850 970 quid
864 896 984 969 gerere
1004 875 1114 970 possit
1131 870 1286 946 audiret
1308 905 1321 938 ι

277 1042 283 1053 ·
317 998 402 1087 Quae
416 1020 497 1071 sane
509 1008 612 1094 atque
627 996 769 1094 hujusce
783 996 877 1070 modi
890 996 977 1070 bene
991 997 1102 1071 multa
1116 999 1228 1070 uirum
1243 995 1326 1070 olim

317 1122 541 1217 profanarum
562 1121 762 1195 deliciarum
784 1145 853 1193 non
876 1145 1019 1219 prorsus
1041 1121 1240 1217 imperitum
1256 1122 1326 1217 spi·

316 1269 393 1319 rare
410 1244 578 1319 ridentur.
599 1247 672 1317 lmo
684 1245 812 1318 latetur
831 1247 916 1342 ipso,
939 1246 989 1316 ait
1004 1246 1253 1340 Augustinus,
1269 1267 1328 1317 cu-

312 1378 371 1468 jus
390 1371 497 1444 fuerit
513 1371 593 1442 vitae
608 1368 805 1466 aliquando,
831 1393 936 1466 quam
961 1369 1118 1457 nefariae,
1140 1363 1245 1464 quarb
1261 1369 1329 1446 im·.

318 1490 502 1589 probandae
529 1515 571 1565 ac
598 1489 823 1564 detestande.
851 1469 1004 1580 Etenim,
1034 1512 1077 1563 aa
1106 1474 1252 1565 ¹tortasse
1282 1489 1327 1563 ad

317 1615 409 1689 bunc
429 1640 623 1689 sermonem
639 1614 811 1688 alludebat
829 1617 1057 1714 Augustinus,
1085 1616 1129 1689 ad
1152 1619 1325 1691 Donatum

319 1763 420 1813 suum
443 1738 644 1814 scribebat:
673 1771 686 1804 a
712 1742 786 1837 Ego
810 1764 889 1813 oum
914 1741 950 1812 in
978 1738 1129 1813 tenebris
1159 1753 1263 1837 atque
1291 1742 1327 1813 in

318 1877 418 1935 nocte
431 1886 522 1936 caeca
529 1869 696 1960 jacerem,
715 1886 863 1960 cumque
883 1864 919 1935 in
934 1863 1017 1936 *salo
1031 1865 1195 1961 jactantis
1212 1861 1327 1936 sarculi

318 1986 539 2061 nutabundus
557 2010 598 2061 ac
611 1984 735 2059 dubius
750 1988 903 2085 vestigiis
921 1987 1163 2061 oberrantibus
1188 1987 1329 2059 fluctua-

317 2136 404 2203 rem,
423 2114 504 2185 ritar
532 2134 618 2185 meae
644 2112 797 2204 nescius,
826 2112 978 2185 veritatis
1006 2134 1047 2184 ao
1066 2112 1155 2184 lucis
1175 2111 1322 2199 alienus,

319 2237 457 2311 difficile
467 2260 609 2335 prorsus
623 2259 664 2308 ac
685 2234 807 2310 durum
826 2259 889 2331 pro
907 2235 975 2308 illis
994 2246 1069 2308 tum
1083 2234 1239 2309 moribus
1253 2236 1323 2330 opi·

316 2360 425 2433 nabar
437 2357 528 2457 quod
547 2360 584 2433 in
602 2359 747 2435 salutem
760 2359 847 2432 mibi
865 2357 1204 2456 divinaindulgentia
1221 2357 1324 2456 polli-

320 2485 507 2558 cebatur...
529 2485 597 2574 Qui
614 2485 802 2582 possibilis,
821 2483 969 2575 aiebam,
997 2495 1049 2557 est
1068 2493 1165 2555 tanta
1190 2505 1330 2555 conver·

320 2610 372 2681 sio
389 2621 428 2681 ut
444 2620 583 2706 repente
602 2633 643 2682 ao
658 2608 842 2705 perniciter
864 2620 1011 2680 exuatur
1031 2604 1125 2704 quod
1143 2604 1197 2678 vel
1209 2607 1328 2701 penui·

321 2756 403 2804 num
419 2733 488 2804 situ
501 2733 656 2804 materiae
674 2730 838 2805 naturalis
856 2730 1030 2819 obduruit,
1051 2730 1105 2803 vel
1124 2742 1330 2826 usurpatum

322 2855 380 2926 diu
416 2856 511 2926 senio
537 2856 718 2927 vetustatis
747 2854 953 2955 inoleviti'...
987 2852 1131 2941 Quando
1163 2855 1332 2949 parcimo-

323 2980 416 3051 niam
444 2976 546 3051 discit
569 2979 628 3076 qui
653 2977 848 3075 epularibus
869 2980 977 3051 coenis
995 2989 1030 3051 et
1056 2978 1163 3074 largis
1186 2977 1332 3075 dapibus

273 3108 276 3113 ’
323 3101 497 3176 assuevit?
510 3104 557 3175 Et
579 3103 638 3200 qui
660 3104 812 3201 pretiosa
833 3114 929 3175 ueste
952 3103 1161 3199 conspicuus
1190 3103 1227 3175 in
1248 3125 1332 3174 auro

323 3238 427 3325 atquc
443 3228 478 3298 in
491 3251 644 3324 purpura
662 3227 771 3318 fulsit,
786 3226 830 3300 ad
841 3226 1016 3324 plebeium
1028 3251 1065 3301 se
1084 3251 1125 3301 ac
1138 3226 1331 3323 simplicem

325 3351 456 3425 cultum
466 3349 602 3448 quando
618 3350 788 3449 deponit?
805 3350 999 3425 Tenaoibus
1012 3374 1149 3447 semper
1164 3349 1331 3424 illecebris

325 3499 466 3550 necessa
480 3489 546 3567 est,
563 3484 601 3549 ut
622 3475 766 3565 solebat,
787 3476 975 3550 vinolentia
996 3476 1131 3567 invitet,
1159 3472 1255 3548 inflet
1275 3497 1333 3546 su·

324 3599 457 3696 perbia,
474 3597 652 3672 iracundia
664 3599 872 3688 inflammet,
882 3600 1054 3696 rapacitas
1064 3599 1244 3695 inquietet,
1259 3620 1335 3669 cru·

325 3723 445 3796 ‹lelitas
459 3721 624 3814 stimulet,
639 3723 780 3797 ambitio
790 3723 948 3815 delectat,
965 3722 1072 3796 libido
1082 3714 1329 3820 praecipitet3.»

363 3979 385 4025 t.
403 3973 642 4037 remoramur.
658 3972 677 4029 l,
688 3985 748 4024 vru.

361 4066 385 4107 a.
404 4057 482 4125 Aug„
496 4059 586 4108 Sermo
600 4060 658 4108 att.

362 4149 384 4192 3.
403 4142 494 4210 cypr..
511 4140 550 4193 ld
562 4144 629 4193 Don.
642 4143 719 4206 epist.
734 4142 752 4200 l,
766 4155 805 4192 ru.
