3300 5272
515 417 665 476 utenti
697 419 865 479 ineunt
894 418 985 478 CXV.
1079 506 1084 521 ·
1245 426 1302 477 115

691 882 798 950 CXV.

488 1191 700 1252 'restituo
733 1191 788 1249 ET
820 1190 997 1260 souitu.

236 1621 342 1687 Tarda
366 1620 495 1686 testudo
517 1619 711 1709 palustribus
728 1619 890 1708 quondam
913 1620 1047 1709 mergis,
1073 1620 1256 1709 fulicisque,
1276 1640 1307 1688 et

192 1747 304 1835 eerylis
322 1744 404 1810 dixit
422 1746 639 1811 silvestribus:
662 1775 675 1802 α
692 1745 747 1810 Me
771 1745 868 1810 etiam
889 1766 1022 1832 quoque
1044 1747 1167 1811 utinam
1194 1747 1307 1835 aliquis

192 1901 205 1927 a
224 1870 388 1934 volucrem
410 1871 614 1935 constituerit
627 1871 655 1932 u!

236 1993 297 2057 Cui
326 1993 410 2057 forte
437 1991 544 2080 aquila
571 1991 645 2055 talia
671 1990 804 2079 loquuta
822 2005 904 2054 est:
934 2020 948 2048 ι
969 1991 1147 2076 Quantam,
1177 1995 1308 2076 testula,

122 2167 124 2171 .
190 2146 203 2172 ι
220 2115 399 2181 mercedem
424 2116 537 2206 aquilae
561 2115 653 2182 dabis
677 2115 771 2195 mihi,
795 2138 865 2203 quae
889 2131 921 2181 te
941 2117 1043 2182 levem
1065 2121 1179 2184 faciam
1197 2144 1234 2184 ac
1258 2145 1309 2184 su-

139 2319 141 2324 ·
192 2273 205 2298 α
222 2241 354 2306 blimem
371 2242 408 2305 n?

236 2395 249 2418 ι
265 2366 386 2427 Cuncta
401 2363 558 2450 Erythraei
574 2361 672 2426 Maris
686 2360 770 2426 dona
787 2360 919 2426 donabo
934 2363 993 2426 tibi
1008 2395 1028 2425 υ.

237 2519 250 2543 «
266 2487 368 2576 Igitur
384 2502 416 2550 te
432 2486 558 2551 docebo
574 2517 602 2567 ν,
621 2486 674 2549 ait.

239 2614 285 2675 Ac
298 2610 415 2675 tollens
431 2611 599 2698 supinam,
616 2607 787 2674 abscondit
807 2610 967 2692 nubibus,
982 2611 1069 2677 unde
1087 2613 1120 2677 in
1141 2614 1309 2703 scopulum

192 2735 279 2801 illam
295 2734 447 2822 dejiciens
461 2735 674 2823 praecipitem,
694 2749 800 2798 totum
816 2733 963 2800 contudit
977 2735 1065 2801 dorsi
1081 2740 1241 2803 corticem.

236 2860 318 2923 Turn
348 2857 477 2925 testudo
509 2858 657 2947 expirans
688 2860 827 2922 animam
861 2891 873 2914 «ι
903 2860 1020 2926 Merito
1049 2861 1221 2943 morior»,
1254 2863 1309 2927 ait.

194 3292 238 3332 σας
249 3274 358 3339 φορτίσας
369 3278 395 3323 1.
413 3275 468 3332 111,
478 3275 502 3321 3.
516 3271 590 3321 Poeta
606 3271 632 3320 in
649 3275 724 3320 inec·
778 3271 828 3326 λεὺς
847 3274 887 3320 καὶ
902 3273 972 3321 πλέον
987 3272 1067 3328 Δοινὸς
1077 3274 1170 3337 θεωρεῖν
1184 3277 1231 3321 τῶν
1248 3273 1309 3322 ὅλων

192 3353 258 3404 dotis
273 3352 348 3403 Paris.
362 3357 381 3401 t.
394 3354 418 3413 1,
428 3363 452 3415 p.
467 3354 505 3412 17,
516 3353 557 3400 341
570 3363 577 3397 1
590 3349 725 3414 Ἰσοκράτης
777 3351 867 3407 καὶτὰς
880 3352 973 3413 φύσεις,
987 3351 1086 3410 Rimari
1103 3351 1195 3417 ἄστρων
1206 3353 1246 3401 καὶ
1255 3355 1310 3416 oio·

193 3433 264 3498 ὥρισε
273 3433 356 3496 ῥώμην
369 3431 410 3481 καὶ
421 3431 511 3496 φρένας·
522 3430 666 3488 Θονκυδίδης
675 3431 724 3492 tur·
777 3428 819 3492 pin
835 3429 874 3479 διὰ
891 3430 950 3494 ἔρος.
965 3429 1081 3493 Proponit
1097 3434 1162 3481 reete
1180 3436 1310 3483 cromerus

193 3515 230 3570 ξεν
248 3514 311 3562 ὅπλα
332 3512 374 3561 καὶ
393 3511 484 3574 λόγους.
504 3509 614 3572 conjicio
635 3510 722 3573 Ἰσονιρ.

193 3593 297 3658 χώρησι.
314 3597 369 3641 ilex
380 3604 386 3638 :
399 3588 542 3647 Ἀλκιὸιάόης
558 3591 598 3637 καὶ
610 3591 724 3651 Θεμιστο·

192 3673 249 3731 xii<
256 3672 337 3734 μέγας,
343 3669 424 3732 Ἄμφω
430 3670 521 3718 τέλειοι·
531 3667 635 3718 Φωκίων
641 3669 725 3731 κρηπὶς

193 3751 278 3813 λόγων.
291 3747 428 3812 tegendum
441 3747 548 3808 ridetur,
558 3748 626 3803 κοπὶς
638 3747 721 3810 λόγων.

193 3833 284 3880 notum
302 3833 339 3880 est
356 3827 525 3878 Demosthenis
546 3826 639 3875 dietum
658 3825 724 3888 apud

193 3913 257 3964 Plut.
270 3919 339 3961 nem.
353 3916 391 3972 ts,
404 3909 457 3974 qui,
473 3923 550 3972 quum
567 3908 612 3970 ipsi
628 3921 724 3970 respou-

193 4004 266 4042 surus
274 3994 382 4054 surgeret
398 3990 497 4050 Phoeio,
515 3988 595 4038 dicere
607 3987 655 4036 soit
670 3986 724 4037 soli·

193 4073 251 4120 ius:
266 4074 337 4130 ἡτῶν
349 4071 413 4133 ἐμῶν
427 4069 503 4131 λόγων
513 4068 582 4122 κοπὶς
593 4066 721 4115 ἀνίσταται.

193 4149 230 4199 lbi
241 4148 455 4212 wyttenbachius3
470 4146 514 4210 qui
524 4146 560 4196 ait
572 4145 680 4194 iambum
692 4144 723 4192 ei·

193 4229 265 4279 fltere
278 4214 338 4278 ‘hreo
353 4227 441 4286 verbu,
458 4225 497 4275 rei
509 4225 543 4275 ita
560 4227 589 4274 ut
600 4224 722 4286 teguntur,

193 4307 232 4358 rei
251 4306 438 4370 tramposiiioue
453 4319 459 4351 ε
476 4304 523 4354 hoo
542 4316 644 4363 tuum,
664 4301 723 4353 titud

115 4414 119 4420 ·
195 4400 253 4438 uon.
267 4385 335 4439 idem
344 4397 480 4450 anonymus
491 4385 563 4448 poeto
573 4398 579 4432 ε
590 4384 641 4433 ἀλλ’
651 4383 725 4445 ’Arit-

778 3506 817 3556 vir
827 3506 853 3557 d.
872 3506 999 3570 legendum
1009 3509 1081 3573 φορὰν
1090 3510 1120 3559 δι’
1130 3510 1204 3576 ἀέρος.
1216 3515 1243 3561 lu
1252 3524 1309 3576 apo

777 3588 868 3650 grapho
886 3601 951 3650 meo,
967 3588 1033 3652 qood
1052 3590 1141 3653 nptim
1157 3590 1242 3655 wnpsi
1263 3605 1309 3643 nee

777 3667 809 3717 ad
830 3667 940 3719 codicem
960 3669 1044 3733 exegi,
1065 3671 1159 3734 reperio
1176 3672 1259 3737 φθορὰς
1278 3671 1308 3722 δι’

776 3746 852 3810 ἀέρος,
864 3748 930 3811 quod
940 3748 1089 3812 corrigebam
1100 3751 1178 3816 φορὰς.
1186 3786 1193 3802 .
1201 3789 1224 3805 ..
1236 3787 1243 3802 .
1259 3757 1308 3801 tto·

776 3829 843 3878 ruina
852 3829 924 3894 φθορὰ
934 3829 992 3894 φορὰ
1002 3831 1060 3880 sunt
1069 3831 1168 3880 ooniose
1177 3829 1274 3892 pesum.

811 3912 846 3958 10.
859 3908 985 3971 lgnatuna
995 3909 1078 3958 subula
1088 3922 1095 3958 :
1106 3909 1204 3974 Ἐρριψε
1215 3909 1307 3973 πέτραις

775 3990 816 4037 καὶ
832 3987 924 4037 uidear.
937 3987 1024 4050 neperi
1033 3987 1058 4036 in
1074 3988 1175 4039 oodice:
1187 3988 1257 4050 ἢραξε
1269 3989 1308 4038 rri-

775 4085 825 4131 τρᾳ-

808 4151 845 4196 11.
864 4145 1029 4208 Ἐιψύχονοο)
1050 4151 1105 4206 Quo
1130 4145 1204 4194 verbo
1229 4147 1308 4197 utitur

776 4222 895 4274 Ptauudes
907 4223 1001 4273 Boethii
1012 4235 1100 4273 versus
1109 4223 1140 4272 de
1150 4228 1245 4274 nerone
1252 4238 1308 4276 eon-

776 4305 875 4353 rerteus
892 4316 916 4367 ρ.
936 4308 962 4354 tr
977 4318 983 4351 :
999 4301 1105 4353 «Matris
1117 4302 1198 4352 effuso
1214 4303 1311 4356 maduit

777 4393 876 4444 eruore,
888 4386 982 4448 corpu
992 4384 1019 4433 et
1030 4381 1084 4433 risu
1102 4379 1210 4446 gelidum
1226 4397 1307 4447 perer-
