3300 5272
546 536 599 585 ΚΑΙ
617 534 782 585 ΙΟΥΣΤΙΝΗΣ
798 535 880 584 ΒΙΟΣ.
921 564 933 585 ι
1161 524 1228 595 201

224 665 415 755 προσέχοντα
437 664 513 738 ὅλως
544 664 697 754 εὕρισκον·
723 659 747 726 εἰ
775 662 930 755 αὐστηρῶς
958 659 1156 755 ἐχρησάμην,
1181 666 1233 733 καὶ

226 784 367 870 βασάνοις
380 771 397 816 ¹
414 788 577 879 ἐπήγαγον,
593 788 651 875 οὐχ
664 791 704 862 ὡς
719 775 779 850 ἀνθ
782 783 809 878 ρὶ
823 790 938 877 μᾶλλον
960 784 979 860 ἢ
999 776 1166 877 ἀνδριάντι,
1181 790 1232 857 καὶ

225 906 308 996 ἀλλῳ
338 908 396 976 τινὶ
427 918 488 976 τῶν
520 905 645 1002 ἀψύχων
677 909 799 1001 ἐπάγειν
829 909 946 988 ταιίτας
978 902 1173 1004 ἐνομιζόμην·
1207 914 1232 981 εἰ

224 1038 340 1129 φρουρᾷ
356 1040 554 1102 κατακλεῖσαι
566 1035 794 1124 προσέταττον,
813 1033 941 1127 ἀπορίας
957 1041 1061 1128 ἠγεῖτο
1082 1036 1119 1102 τὸ
1136 1061 1232 1131 προσ-

223 1158 413 1250 ταττόμενον
440 1160 474 1225 οὐ
499 1155 739 1249 φιλανθρωπίας·
763 1156 815 1224 καὶ
836 1149 907 1224 οὐδὲ
927 1161 1023 1236 οὕτως
1045 1162 1061 1224 ὁ
1083 1145 1231 1248 μάταιος,

223 1288 281 1350 ὅσα
293 1308 328 1376 γε
345 1280 385 1359 εἰς
404 1281 486 1359 θεοὺς
504 1279 555 1346 καὶ
573 1280 609 1346 τὸ
626 1265 772 1365 ἐπήκοον,
786 1279 913 1373 ἡσυχίαν
930 1275 1014 1373 οἴγειν
1030 1279 1149 1375 ἠγάπα,
1164 1282 1232 1351 ἀλλ’

223 1407 282 1474 Ιὐπὸ
312 1406 434 1497 κλεῖθρα
461 1403 619 1497 τυγχάνων
646 1403 697 1470 καὶ
720 1402 868 1494 φυλακὰς,
895 1392 981 1482 τῆς2
1003 1406 1114 1499 ἀνοχῆς
1140 1432 1232 1475 κατε-

222 1532 334 1622 τριίφα,
350 1529 481 1607 πολλούς
495 1553 530 1594 τε
549 1536 603 1595 τοῦ
622 1526 728 1595 οἰκείου
747 1529 921 1620 νοσήματος
937 1531 1092 1620 ἐμπιπλᾷν
1111 1533 1166 1597 οὐκ
1179 1531 1232 1599 ἀν-

223 1652 322 1744 είχετο
336 1640 364 1716 ³.
385 1640 462 1718 Επεὶ
478 1662 550 1745 γοῦν
577 1640 701 1744 ἐφάνη”
725 1676 758 1718 τι
782 1656 833 1719 καὶ
862 1652 959 1744 χειρὸς
979 1663 1135 1745 τιμωροῦ,
1157 1655 1232 1749 τάγε

223 1782 293 1868 παρ’
306 1783 390 1869 ἡμῖν,
406 1777 457 1844 καὶ
471 1768 588 1869 θημίων
607 1779 780 1870 ὑπέρτερος,
798 1775 883 1868 ἴσμεν
899 1769 934 1844 θέ
948 1774 1061 1855 πάντες
1075 1780 1125 1844 ὅτι
1137 1766 1233 1852 ὅσην5

223 1903 339 1978 θῆλιος
358 1903 451 1992 ἐφορᾷ
473 1898 521 1967 σοί
541 1924 575 1965 τε
592 1904 778 1993 προσανέχει
795 1898 845 1966 καὶ
866 1897 951 1991 παρὰ
974 1909 1029 1967 σοῦ
1048 1893 1235 1984 θιῖθιίνεται,

223 2024 275 2090 καὶ
293 2023 465 2116 Κυπριανθν
485 2021 608 2100 πάντως
631 2023 752 2114 σύναμά
773 2049 834 2090 τινι
858 2011 996 2118 ἐουστίνιρ
1019 2023 1170 2117 παρθένῳ,
1196 2027 1232 2102 ἣν

223 2146 274 2214 καὶ
291 2149 383 2221 αὐτὴν
410 2139 618 2232 ἐξαπέστειλα,
643 2135 753 2226 οθςθέη
777 2157 831 2226 της
850 2157 980 2239 μισητῆς
1008 2151 1141 2216 ἐκκλῖναι
1160 2147 1233 2242 θρη-

222 2269 322 2349 σκείας
341 2269 590 2363 παρασκευάσεις,
610 2269 629 2346 ἢ
648 2268 690 2339 τοὶ
708 2279 753 2358 τῷ
771 2270 895 2367 μεγάλῳ
914 2266 963 2339 Διί
978 2272 1031 2341 καὶ
1047 2280 1112 2352 τοῖς
1129 2268 1233 2353 ἀλλοις

222 2396 298 2473 θεοῖς
312 2395 481 2486 ἀρέσκοντα
498 2394 550 2461 καὶ
568 2397 615 2462 ἐπ’
629 2399 732 2474 αὐτοῖς
746 2385 927 2489 καταπράξῃ
939 2384 964 2479 ⁷,
986 2394 1026 2463 ὧν
1045 2398 1079 2465 τὸ
1105 2389 1232 2466 δυσπει-

222 2520 281 2604 θές,
300 2519 350 2586 καὶ
370 2516 412 2585 τὰ
428 2518 497 2613 περὶ
515 2522 615 2586 αὐτῶν
631 2522 838 2612 ὑπομνάματα
856 2517 936 2588 κατὰ
955 2523 1043 2616 μέρος
1061 2512 1203 2596 θηλῶσει.
1217 2550 1231 2576 ν

274 2635 430 2720 Διεξιιίντα
453 2652 524 2736 γοῦν
554 2640 595 2709 τὰ
620 2646 814 2738 γεγραμμένα
841 2646 894 2713 τὸν
918 2647 1046 2730 βασιλέα
1069 2640 1230 2737 θαυμάζειν

222 2771 317 2860 ἐπῄει,
330 2765 393 2853 καὶ,
408 2769 467 2858 πρὸ
485 2777 541 2845 τῆς
554 2768 670 2861 πείρας,
680 2779 734 2848 τῆς
753 2773 899 2863 καρτεράς
915 2772 1012 2837 αὐτῶν
1028 2769 1080 2836 καὶ
1095 2770 1230 2864 μεγαλης

221 2896 343 2967 ἡττᾶτο
371 2887 480 2983 ψυχῆς.
508 2878 586 2959 Επεὶ
609 2888 660 2959 οὖν
681 2890 784 2972 ἱκανάς
812 2883 911 2960 ἐθάκει
938 2889 994 2970 τὰς
1019 2887 1231 2982 προλαβοιίσας

224 3015 386 3100 βασάνους,
399 3015 450 3082 καὶ
464 3014 501 3081 τὸ
517 3013 657 3095 πλείονας
668 3004 832 3085 ἐπιθεῖναι8
847 3021 902 3083 οὐκ
917 3013 1019 3109 ἀγριον
1034 3015 1137 3108 μόνον,
1152 2996 1233 3084 ἀλλὰ

223 3142 275 3207 καὶ
292 3141 433 3232 περιττὸν
456 3141 565 3233 ἔκρινεν
589 3129 748 3234 (ἐμάνθανε
761 3140 819 3238 γάρ
835 3142 946 3220 αὐτοὺς
963 3147 1070 3228 πολλῷ
1086 3148 1132 3226 τῷ
1150 3166 1231 3234 περι-

223 3265 289 3330 όντι
309 3264 423 3342 παντὸς
440 3273 496 3331 τοῦ
512 3267 698 3358 ἐπαγομένου
713 3251 936 3355 καταφρονεῖν),
948 3262 1166 3355 κοινωσάμενος
1180 3267 1231 3331 καὶ

223 3393 287 3465 τοῖς
309 3386 405 3478 φίλοις
424 3389 572 3455 αὐτοῦτὸ
591 3389 757 3480 βούλευμα,
775 3389 838 3455 ἐπεὶ
855 3387 1010 3467 κάκείνους
1035 3390 1231 3466 ἐπαινοῦντας

222 3508 298 3602 εὗρε,
317 3511 403 3588 τέλος
423 3517 486 3586 τοῖς
504 3509 651 3598 φθάσασιν
668 3509 812 3579 ἐπετίθει·
833 3512 1028 3606 Κυπριανὸς,
1053 3510 1161 3599 εἰπὼν,
1180 3511 1232 3580 καὶ

223 3617 363 3700 Ῑουστίνα
377 3631 459 3700 κατὰ
479 3633 551 3701 θεῶν
570 3627 786 3727 φρυαξάμενοι,
800 3635 852 3702 καὶ
870 3638 948 3727 μήτε
974 3636 1116 3703 κολάσεσι
1134 3661 1232 3728 μετα-

261 3879 282 3926 1.
300 3874 435 3936 Βασάνσνς,
447 3875 477 3926 Β.
768 3888 793 3933 5.
811 3880 896 3943 Deest,
908 3880 938 3930 B.

258 3966 282 4010 2.
300 3956 367 4010 Add.
381 3959 472 4017 αὐτῶν,
487 3959 516 4010 Β.
527 3958 556 4012 C.
566 3961 596 4014 F.
767 3971 792 4015 ὓ.
810 3963 896 4026 Deest,
906 3965 935 4014 B.
947 3963 975 4015 C.

258 4048 283 4094 3.
303 4044 433 4110 Ἇπείχετο,
445 4044 474 4098 C.
485 4045 513 4098 F.
769 4053 793 4101 7.
812 4046 975 4114 Καταπράξει,
987 4048 1016 4100 Β.

259 4132 283 4180 ἐ.
300 4128 350 4179 Καὶ
365 4127 447 4194 χειρὸς
462 4128 539 4194 ἐφάνη
551 4128 676 4196 τιμωροῦ,
691 4135 720 4185 B.
769 4135 792 4182 8.
812 4132 945 4194 Ἐπιθῆνακ
957 4132 984 4184 Β.
