3300 5272
376 453 525 524 Bianti
555 456 737 527 FABULAE
764 459 1186 530 cxxxvii-Lxxxvnt.
1275 480 1328 532 168

674 890 876 959 LXXXVII.

573 1156 703 1218 canis
732 1158 789 1217 ET
816 1152 966 1220 Larus,

264 1498 360 1561 Canis
376 1497 541 1585 leporem,
556 1514 655 1584 quem
671 1518 710 1562 ex
725 1513 836 1563 monte
848 1500 1057 1578 excitaverat,
1073 1496 1338 1586 persequebatur,

221 1635 271 1700 et,
289 1620 316 1682 si
334 1634 567 1707 assequeretur,
581 1620 763 1687 mordebat.

265 1745 308 1805 At
322 1765 496 1807 conversus
511 1743 753 1828 (blandiebatur
769 1744 851 1809 alter
867 1759 904 1807 ut
921 1744 1045 1825 amico,
1070 1765 1165 1831 quem
1185 1738 1341 1829 tangeret)

222 1864 313 1953 lepus
340 1865 492 1931 dicebat:
512 1867 680 1956 «Simplex
705 1868 748 1933 sis
765 1868 884 1932 animal
900 1884 933 1931 et
949 1865 1133 1935 candidum.
1157 1865 1244 1929 Esne
1264 1864 1342 1928 ami·

221 2020 233 2043 «
248 1992 325 2055 cus?
344 1990 421 2080 quid
436 1990 589 2056 mordes?
603 1991 731 2057 bostis?
750 1992 831 2080 quid
844 1993 939 2083 igitur
957 1990 1116 2057 blandiris
1129 1991 1163 2055 »P

267 2114 466 2203 Ambiguum
482 2129 530 2178 est
543 2114 703 2200 ejusmodi
717 2115 884 2204 ingenium
900 2113 1132 2204 quorumdam,
1151 2112 1268 2201 quibus
1281 2133 1342 2175 nec

222 2235 370 2303 diffidere
385 2237 557 2320 habemus,
575 2260 636 2302 nec
648 2237 758 2303 fidere.

671 2694 892 2772 LXXXVIII.

560 3000 746 3060 casstTa
780 3002 834 3060 ET
865 3000 1007 3061 PULLI.

268 3396 423 3486 Quaedam
446 3405 531 3468 inter
550 3404 667 3469 herbas
687 3405 893 3470 niduiabatur
915 3408 1046 3487 cassita,
1076 3428 1147 3494 quae
1171 3405 1344 3471 charadrio

224 3536 379 3599 matutina
393 3534 540 3599 cantibus
556 3533 759 3615 decertabat,
776 3535 947 3624 pullosque
959 3551 1103 3624 segetum
1126 3536 1233 3601 alebat
1250 3558 1344 3599 coma

223 3661 370 3724 cristatos
380 3662 448 3745 jam
465 3657 588 3743 alisque
598 3674 741 3746 vegetos.

225 4127 321 4185 atinam
332 4134 399 4186 nam,
410 4123 476 4188 qrrcd
491 4126 528 4173 est
541 4121 702 4186 precipuum,
719 4119 759 4168 im
812 4114 910 4181 ρνδάλου
923 4114 988 4176 φησί.
1000 4119 1034 4164 De
1049 4113 1170 4177 ιορυόάλω
1183 4115 1345 4180 ἐπιτυμῦιόίῳ,

226 4205 337 4254 diernum
345 4217 434 4254 nomen
444 4203 525 4253 adbuc
536 4203 629 4266 ignoro.
639 4197 760 4262 Ρτοὰπψ
812 4195 852 4244 cui
864 4195 931 4257 λόφος
948 4195 973 4242 in
985 4193 1073 4256 capite,
1084 4193 1172 4244 alauda
1183 4195 1291 4258 cristata,
1301 4210 1344 4259 ga·

225 4283 272 4330 δων
286 4282 371 4330 lubens
380 4279 511 4331 scriberem
520 4280 625 4343 &vinam
813 4273 892 4333 lenta,
909 4272 964 4322 vide
977 4272 1009 4322 ad
1020 4278 1046 4322 F.
1063 4276 1104 4334 72,
1122 4278 1162 4334 rt,
1175 4276 1200 4325 et
1215 4274 1343 4340 messling.

259 4367 282 4421 a,
295 4362 319 4408 t.
334 4357 439 4408 suidas:
451 4356 567 4421 λόφος...
581 4354 755 4420 amramis·
810 4353 841 4403 sd
852 4353 955 4403 Theotr.
971 4356 1011 4416 7⁰,
1023 4357 1062 4404 m.
1076 4360 1131 4405 atax
1149 4357 1252 4406 rotatur
1270 4369 1344 4419 syno-

227 4458 240 4482 ι
252 4441 299 4488 Καὶ
310 4438 393 4495 παῖδας
406 4473 410 4480 .
421 4472 427 4483 ,
437 4471 442 4482 .
453 4470 474 4482 ..
488 4435 603 4497 &amiota
612 4448 638 4477 r·
652 4435 703 4497 supi
719 4448 759 4482 xe
811 4432 1129 4501 nymcvccsbutoauputte.

1161 4561 1194 4598 n.
