3300 5272
649 487 825 536 ruminio.
1206 462 1249 537 19

235 615 403 702 quissimis
430 614 550 682 obortis
571 633 771 702 componere,
791 613 882 681 huud
898 596 1023 682 inutilis
1038 620 1087 681 est
1109 612 1171 680 uee'
1181 613 1252 682 sine

239 733 344 820 pretio
359 751 467 821 opero.
485 731 580 797 Utin
600 729 743 798 udilluiis
760 729 859 796 ruens
879 727 1109 816 primigenium
1122 744 1208 815 opus
1219 734 1254 794 et

238 847 362 934 lapides
374 845 535 934 posterius
557 845 924 915 adhibitostnternuseir
938 830 1139 932 reperitur,
1154 844 1201 911 sie
1216 844 1252 910 in

161 962 163 966 ”
238 969 424 1029 sanctorum
443 960 520 1028 vitis
535 981 555 1027 u
568 956 734 1047 prioribus
752 959 969 1026 monumentis
982 957 1064 1044 quid
1082 958 1161 1025 novi
1175 964 1251 1026 retus

234 1092 374 1162 queque
399 1074 561 1143 addiderit
582 1074 681 1142 rebus
700 1081 734 1140 et
756 1070 1042 1161 superaddiderit,
1070 1073 1252 1140 discernen-

235 1191 318 1256 dum
341 1199 403 1259 est.
431 1193 474 1257 ls-
487 1191 592 1277 igitur
604 1191 721 1257 litteris
736 1191 919 1258 christianis
944 1208 1013 1256 sese
1042 1187 1251 1256 utilissimum

237 1307 380 1391 prebere
399 1314 519 1395 posset,
537 1307 595 1393 qui
615 1313 715 1374 noctu
736 1305 919 1373 incubando
936 1304 1060 1390 diuque
1084 1294 1251 1372 beatorum
1354 1389 1365 1408 ,

235 1421 420 1510 principum
433 1421 518 1508 vitis,
542 1422 696 1506 historie,
712 1424 751 1488 ut
767 1422 813 1488 itu
828 1420 946 1500 dicum,
970 1430 1163 1504 eompurutte
1178 1418 1250 1487 stu-

233 1535 339 1618 deret,
360 1554 427 1622 quu
447 1536 604 1602 nimirum
626 1533 668 1602 de
693 1552 826 1621 quoque
849 1535 981 1602 bomine
1004 1553 1096 1602 suero
1119 1535 1250 1623 seriptis

234 1651 357 1738 seriptu
371 1651 542 1718 conferret.
558 1650 608 1716 ltu
622 1669 674 1716 res
686 1650 728 1716 ob
739 1650 811 1738 ipsu
831 1650 930 1735 fonte,
946 1651 988 1716 ub
1003 1646 1049 1717 eis
1066 1659 1140 1737 que
1146 1650 1250 1716 mudi-

234 1766 356 1833 derunt
379 1765 529 1853 equales,
558 1784 577 1830 e
600 1765 715 1851 primis
730 1752 932 1832 documentis
954 1752 1163 1852 repetiturus,
1189 1782 1250 1853 per

232 1885 337 1951 utatis
351 1883 464 1951 medie
476 1882 631 1967 terminu,
654 1882 818 1970 mysterio,
843 1880 969 1949 eodiees
984 1880 1092 1948 verim
1111 1896 1250 1969 queque

161 2043 172 2067 .
234 2007 426 2067 eonseoutus
439 1998 584 2084 vestigio,
606 1996 648 2064 ud
669 1997 840 2064 severioris
864 2016 902 2063 uo
922 1995 1065 2064 durioris
1076 2002 1160 2065 note
1169 1999 1247 2065 'een-

232 2134 334 2198 sores,
354 2122 511 2201 tunquam
523 2104 764 2182 Godeseurdum
786 2121 843 2180 out
859 2111 1030 2179 ubertum
1051 2115 1244 2199 perveuiiut.

232 2229 371 2297 lllirero
381 2219 557 2296 ridendum
573 2237 659 2298 esset
676 2250 731 2313 ne,
747 2228 931 2316 augustiori
943 2231 982 2296 et'
989 2229 1109 2296 minori
1130 2230 1247 2314 pmdi-
1279 2319 1282 2327 Ι

166 2416 169 2423 ,
231 2353 286 2413 tus
306 2345 446 2432 ingenio,
469 2344 555 2413 fretu
570 2347 623 2413 vel
647 2347 733 2413 dium
755 2365 828 2433 quoe
848 2366 867 2412 u
889 2348 1005 2432 petrin,
1024 2344 1177 2429 umente,
1198 2344 1245 2415 'ab

229 2479 299 2527 uero
313 2481 373 2527 suo
383 2461 604 2542 abhorrerent,
618 2461 739 2529 fastidii
752 2461 967 2537 delicatissimi
979 2458 1077 2530 bomo
1095 2462 1246 2558 dedigne-

229 2583 322 2642 retur
343 2596 382 2642 ue
398 2584 574 2663 respueret.
595 2578 718 2644 Etenim
742 2576 801 2663 qui
825 2596 931 2644 mores
953 2577 1110 2663 ingenuos
1133 2580 1244 2666 requi·

190 2682 200 2703 ⁹
230 2697 320 2765 runt,
336 2691 384 2757 eis
394 2709 463 2757 uon
477 2690 650 2759 edificium
664 2697 858 2767 enormium
868 2699 902 2757 et
912 2692 1034 2759 receuti
1049 2699 1137 2760 ueste
1149 2695 1242 2780 quusi
1267 2736 1271 2743 -

227 2804 390 2889 indutum,
406 2813 441 2872 ot
452 2807 559 2893 ipsum
581 2807 759 2893 pristinum
774 2806 975 2892 pouesimum
993 2806 1090 2874 uilert
1103 2806 1241 2876 delectu·

108 2933 113 2946 ·
227 2920 360 2987 tionem.
376 2922 424 2987 lix
442 2922 495 2989 bis
520 2928 648 2987 tuntum
664 2921 771 2987 oritur
791 2921 917 2989 sineere
933 2921 991 2987 illu
1005 2921 1242 3009 voluptasque

224 3035 371 3102 unimum
394 3035 524 3119 imbuit,
540 3055 615 3102 eum
631 3055 742 3104 rerum
762 3055 837 3121 quae
849 3057 870 3102 u
882 3037 980 3105 nobis
1000 3046 1034 3104 et
1049 3038 1197 3107 etudbus
1209 3049 1243 3107 et
1271 3119 1274 3125 ¹

224 3150 414 3234 regionibus
434 3151 620 3238 longissime
644 3152 777 3234 uuum,
793 3152 898 3219 oeulis
918 3153 1044 3220 nostris
1068 3154 1240 3223 viridiores

224 3264 381 3349 imagines
393 3265 619 3352 subjieiuutur.
1204 3306 1207 3313 ·

267 3378 347 3460 Qum
368 3381 478 3447 omniu
504 3400 579 3447 eum
600 3398 820 3469 sepenumero
840 3385 1024 3470 nogionem,
1058 3387 1160 3451 suuoti
1180 3407 1239 3454 eu·

219 3492 349 3578 jusdem
373 3495 514 3562 hominis
549 3497 701 3583 optabam
736 3498 870 3564 reddero
906 3498 1184 3584 similitudinem·
1200 3520 1239 3568 uo

222 3599 339 3676 deiude
360 3609 456 3695 juxte
475 3626 588 3677 senum
613 3609 817 3696 singulorum
842 3618 972 3678 uetulum
989 3615 1110 3682 umine·
1125 3616 1237 3683 eudem

221 3723 265 3789 ub
291 3721 434 3803 tepentes,
469 3724 584 3792 duetus
609 3724 733 3810 effigies
765 3726 938 3794 voluissem
974 3729 1135 3797 exbibete.
1167 3731 1236 3800 lloo

221 3840 338 3905 erutlu
355 3840 457 3923 uotis3
479 3848 515 3906 ut
536 3857 614 3905 uero
631 3841 692 3926 qul
704 3840 911 3928 ldpropositi
933 3844 1163 3930 expendebam,
1175 3849 1234 3935 qui
1304 3821 1307 3827 ⁵

221 3970 347 4019 meeum
360 3953 527 4021 rersubum
537 3953 618 4041 quid
627 3953 751 4022 debiles
765 3955 849 4023 ferre
864 3966 1059 4043 recusarem,
1076 3962 1160 4045 quid
1172 3983 1231 4030 uu-

220 4067 323 4135 lereut
345 4069 651 4157 humum-optutum
669 4088 752 4139 uuus
774 4072 918 4138 intellexi
934 4092 1000 4139 non
1023 4074 1093 4141 sine
1118 4092 1232 4161 rnuguu
