<?xml version="1.0" encoding="UTF-8"?>
<!DOCTYPE html PUBLIC "-//W3C//DTD XHTML 1.0 Transitional//EN"
    "http://www.w3.org/TR/xhtml1/DTD/xhtml1-transitional.dtd">
<html xmlns="http://www.w3.org/1999/xhtml" xml:lang="en" lang="en">
 <head>
  <title>
</title>
<meta http-equiv="Content-Type" content="text/html;charset=utf-8" />
  <meta name='ocr-system' content='tesseract 3.04.00' />
  <meta name='ocr-capabilities' content='ocr_page ocr_carea ocr_par ocr_line ocrx_word'/>
</head>
<body>
  <div class='ocr_page' id='page_1' title='image "./desanctocyprian00blamgoog_0437.png"; bbox 0 0 3300 5272; ppageno 0'>
   <div class='ocr_carea' id='block_1_1' title="bbox 488 453 1220 538">
    <p class='ocr_par' dir='ltr' id='par_1_1' title="bbox 488 453 1220 538">
     <span class='ocr_line' id='line_1_1' title="bbox 488 453 1220 538; baseline -0.003 -13"><span class='ocrx_word' id='word_1_1' title='bbox 488 470 765 538; x_wconf 74' lang='lat' dir='ltr'>cumorntsnsts</span> <span class='ocrx_word' id='word_1_2' title='bbox 791 473 949 524; x_wconf 85' lang='lat' dir='ltr'>nrsronn.</span> <span class='ocrx_word' id='word_1_3' title='bbox 1156 453 1220 524; x_wconf 79' lang='lat'>115</span> 
     </span>
    </p>
   </div>
   <div class='ocr_carea' id='block_1_2' title="bbox 222 600 1224 1690">
    <p class='ocr_par' dir='ltr' id='par_1_2' title="bbox 222 600 1224 1690">
     <span class='ocr_line' id='line_1_2' title="bbox 223 600 1223 700; baseline -0.001 -26"><span class='ocrx_word' id='word_1_4' title='bbox 223 600 348 675; x_wconf 77' lang='lat' dir='ltr'>saeculo</span> <span class='ocrx_word' id='word_1_5' title='bbox 362 600 575 695; x_wconf 78' lang='lat' dir='ltr'>dimicantes,</span> <span class='ocrx_word' id='word_1_6' title='bbox 597 612 870 700; x_wconf 81' lang='lat' dir='ltr'>eorumquoque</span> <span class='ocrx_word' id='word_1_7' title='bbox 886 601 1053 675; x_wconf 79' lang='lat' dir='ltr'>vicerunt.</span> <span class='ocrx_word' id='word_1_8' title='bbox 1076 603 1223 676; x_wconf 85' lang='lat' dir='ltr'>Veniunt</span> 
     </span>
     <span class='ocr_line' id='line_1_3' title="bbox 223 725 1223 824; baseline 0 -26"><span class='ocrx_word' id='word_1_9' title='bbox 223 726 438 824; x_wconf 87' lang='lat' dir='ltr'>etgominate</span> <span class='ocrx_word' id='word_1_10' title='bbox 451 725 584 799; x_wconf 77' lang='lat' dir='ltr'>militia</span> <span class='ocrx_word' id='word_1_11' title='bbox 595 725 950 824; x_wconf 70' lang='lat' dir='ltr'>suaegloriavirginsa</span> <span class='ocrx_word' id='word_1_12' title='bbox 964 726 1102 822; x_wconf 87' lang='lat' dir='ltr'>etpusri</span> <span class='ocrx_word' id='word_1_13' title='bbox 1115 748 1223 799; x_wconf 89' lang='lat' dir='ltr'>annos</span> 
     </span>
     <span class='ocr_line' id='line_1_4' title="bbox 222 849 1224 948; baseline 0.001 -27"><span class='ocrx_word' id='word_1_14' title='bbox 222 872 304 922; x_wconf 91' lang='lat' dir='ltr'>suos</span> <span class='ocrx_word' id='word_1_15' title='bbox 323 849 506 924; x_wconf 86' lang='lat' dir='ltr'>virtutibus</span> <span class='ocrx_word' id='word_1_16' title='bbox 525 850 774 924; x_wconf 83' lang='lat' dir='ltr'>transeuntes&#39;.</span> <span class='ocrx_word' id='word_1_17' title='bbox 801 882 814 914; x_wconf 74' lang='grc' dir='ltr'>ιι</span> <span class='ocrx_word' id='word_1_18' title='bbox 837 851 937 941; x_wconf 79' lang='lat' dir='ltr'>Turn,</span> <span class='ocrx_word' id='word_1_19' title='bbox 956 850 1000 920; x_wconf 93' lang='lat' dir='ltr'>iis</span> <span class='ocrx_word' id='word_1_20' title='bbox 1020 851 1078 946; x_wconf 89' lang='lat' dir='ltr'>qui</span> <span class='ocrx_word' id='word_1_21' title='bbox 1099 872 1224 948; x_wconf 86' lang='lat' dir='ltr'>magno</span> 
     </span>
     <span class='ocr_line' id='line_1_5' title="bbox 222 970 1224 1071; baseline -0.001 -25"><span class='ocrx_word' id='word_1_22' title='bbox 222 972 372 1070; x_wconf 87' lang='lat' dir='ltr'>fortique</span> <span class='ocrx_word' id='word_1_23' title='bbox 393 974 509 1046; x_wconf 90' lang='lat' dir='ltr'>animo</span> <span class='ocrx_word' id='word_1_24' title='bbox 528 972 665 1046; x_wconf 88' lang='lat' dir='ltr'>fuerant</span> <span class='ocrx_word' id='word_1_25' title='bbox 686 973 865 1071; x_wconf 86' lang='lat' dir='ltr'>magnifice</span> <span class='ocrx_word' id='word_1_26' title='bbox 894 970 1053 1063; x_wconf 88' lang='lat' dir='ltr'>laudatis,</span> <span class='ocrx_word' id='word_1_27' title='bbox 1073 973 1180 1046; x_wconf 90' lang='lat' dir='ltr'>tristis</span> <span class='ocrx_word' id='word_1_28' title='bbox 1202 996 1224 1045; x_wconf 90' lang='lat' dir='ltr'>a</span> 
     </span>
     <span class='ocr_line' id='line_1_6' title="bbox 222 1095 1223 1194; baseline 0 -25"><span class='ocrx_word' id='word_1_29' title='bbox 222 1096 410 1171; x_wconf 87' lang='lat' dir='ltr'>tortoribus</span> <span class='ocrx_word' id='word_1_30' title='bbox 432 1096 626 1170; x_wconf 87' lang='lat' dir='ltr'>Ecclesiam</span> <span class='ocrx_word' id='word_1_31' title='bbox 655 1095 898 1194; x_wconf 76' lang='lat' dir='ltr'><strong>depopulatam</strong></span> <span class='ocrx_word' id='word_1_32' title='bbox 925 1097 1094 1190; x_wconf 87' lang='lat' dir='ltr'>intuetur;</span> <span class='ocrx_word' id='word_1_33' title='bbox 1121 1110 1223 1194; x_wconf 87' lang='lat' dir='ltr'>etque</span> 
     </span>
     <span class='ocr_line' id='line_1_7' title="bbox 223 1219 1222 1319; baseline 0 -26"><span class='ocrx_word' id='word_1_34' title='bbox 223 1244 244 1293; x_wconf 89' lang='lat' dir='ltr'>a</span> <span class='ocrx_word' id='word_1_35' title='bbox 259 1221 421 1319; x_wconf 80' lang='lat' dir='ltr'>lacrymis</span> <span class='ocrx_word' id='word_1_36' title='bbox 440 1232 632 1318; x_wconf 89' lang='lat' dir='ltr'>temperare</span> <span class='ocrx_word' id='word_1_37' title='bbox 650 1221 781 1317; x_wconf 91' lang='lat' dir='ltr'>nequit,</span> <span class='ocrx_word' id='word_1_38' title='bbox 801 1244 882 1293; x_wconf 85' lang='lat' dir='ltr'>cunr</span> <span class='ocrx_word' id='word_1_39' title='bbox 900 1221 1085 1294; x_wconf 86' lang='lat' dir='ltr'>multorum</span> <span class='ocrx_word' id='word_1_40' title='bbox 1108 1219 1222 1294; x_wconf 87' lang='lat' dir='ltr'>deiec-</span> 
     </span>
     <span class='ocr_line' id='line_1_8' title="bbox 222 1343 1223 1442; baseline 0 -25"><span class='ocrx_word' id='word_1_41' title='bbox 222 1345 353 1417; x_wconf 90' lang='lat' dir='ltr'>tionem</span> <span class='ocrx_word' id='word_1_42' title='bbox 368 1357 524 1442; x_wconf 88' lang='lat' dir='ltr'>reputat:</span> <span class='ocrx_word' id='word_1_43' title='bbox 545 1377 557 1409; x_wconf 76' lang='grc' dir='ltr'>ι</span> <span class='ocrx_word' id='word_1_44' title='bbox 581 1344 703 1436; x_wconf 90' lang='lat' dir='ltr'>Doleo,</span> <span class='ocrx_word' id='word_1_45' title='bbox 715 1344 885 1418; x_wconf 81' lang='lat' dir='ltr'><strong>exclamat</strong></span> <span class='ocrx_word' id='word_1_46' title='bbox 904 1343 1094 1418; x_wconf 79' lang='lat' dir='ltr'>incredibili</span> <span class='ocrx_word' id='word_1_47' title='bbox 1106 1343 1223 1417; x_wconf 68' lang='lat' dir='ltr'>‘eflec-</span> 
     </span>
     <span class='ocr_line' id='line_1_9' title="bbox 222 1465 1223 1560; baseline 0.002 -22"><span class='ocrx_word' id='word_1_48' title='bbox 222 1476 278 1540; x_wconf 88' lang='lat' dir='ltr'>tus</span> <span class='ocrx_word' id='word_1_49' title='bbox 296 1465 550 1558; x_wconf 80' lang='lat' dir='ltr'>misericordia,</span> <span class='ocrx_word' id='word_1_50' title='bbox 572 1466 670 1541; x_wconf 91' lang='lat' dir='ltr'>doleo</span> <span class='ocrx_word' id='word_1_51' title='bbox 694 1467 894 1560; x_wconf 80' lang='lat' dir='ltr'>vobiscum,</span> <span class='ocrx_word' id='word_1_52' title='bbox 918 1490 982 1541; x_wconf 92' lang='lat' dir='ltr'>nec</span> <span class='ocrx_word' id='word_1_53' title='bbox 999 1468 1084 1540; x_wconf 91' lang='lat' dir='ltr'>mihi</span> <span class='ocrx_word' id='word_1_54' title='bbox 1102 1467 1146 1541; x_wconf 88' lang='lat' dir='ltr'>ad</span> <span class='ocrx_word' id='word_1_55' title='bbox 1171 1466 1223 1540; x_wconf 93' lang='lat' dir='ltr'>le·</span> 
     </span>
     <span class='ocr_line' id='line_1_10' title="bbox 222 1588 1223 1690; baseline 0.002 -26"><span class='ocrx_word' id='word_1_56' title='bbox 222 1588 366 1664; x_wconf 92' lang='lat' dir='ltr'>niendos</span> <span class='ocrx_word' id='word_1_57' title='bbox 391 1589 526 1664; x_wconf 88' lang='lat' dir='ltr'>dolores</span> <span class='ocrx_word' id='word_1_58' title='bbox 553 1614 650 1664; x_wconf 89' lang='lat' dir='ltr'>meos</span> <span class='ocrx_word' id='word_1_59' title='bbox 677 1592 854 1690; x_wconf 74' lang='lat' dir='ltr'>integritas</span> <span class='ocrx_word' id='word_1_60' title='bbox 882 1592 1022 1689; x_wconf 84' lang='lat' dir='ltr'>propria</span> <span class='ocrx_word' id='word_1_61' title='bbox 1043 1601 1077 1664; x_wconf 90' lang='lat' dir='ltr'>et</span> <span class='ocrx_word' id='word_1_62' title='bbox 1094 1593 1223 1666; x_wconf 87' lang='lat' dir='ltr'>sanitas</span> 
     </span>
    </p>
   </div>
   <div class='ocr_carea' id='block_1_3' title="bbox 76 1705 1345 1937">
    <p class='ocr_par' dir='ltr' id='par_1_3' title="bbox 76 1705 1345 1937">
     <span class='ocr_line' id='line_1_11' title="bbox 221 1705 1345 1814; baseline 0.006 -30"><span class='ocrx_word' id='word_1_63' title='bbox 221 1712 356 1809; x_wconf 85' lang='lat' dir='ltr'>privata</span> <span class='ocrx_word' id='word_1_64' title='bbox 373 1711 562 1806; x_wconf 84' lang='lat' dir='ltr'>blanditur,</span> <span class='ocrx_word' id='word_1_65' title='bbox 585 1714 723 1812; x_wconf 89' lang='lat' dir='ltr'>quando</span> <span class='ocrx_word' id='word_1_66' title='bbox 741 1714 819 1813; x_wconf 92' lang='lat' dir='ltr'>plus</span> <span class='ocrx_word' id='word_1_67' title='bbox 836 1705 955 1813; x_wconf 90' lang='lat' dir='ltr'>pastor</span> <span class='ocrx_word' id='word_1_68' title='bbox 978 1716 1014 1788; x_wconf 94' lang='lat' dir='ltr'>in</span> <span class='ocrx_word' id='word_1_69' title='bbox 1039 1717 1151 1814; x_wconf 88' lang='lat' dir='ltr'>gregis</span> <span class='ocrx_word' id='word_1_70' title='bbox 1170 1717 1223 1789; x_wconf 91' lang='lat' dir='ltr'>sui</span> <span class='ocrx_word' id='word_1_71' title='bbox 1342 1787 1345 1791; x_wconf 84' lang='grc'><em>,</em></span> 
     </span>
     <span class='ocr_line' id='line_1_12' title="bbox 76 1836 1221 1937; baseline 0.004 -29"><span class='ocrx_word' id='word_1_72' title='bbox 76 1918 83 1930; x_wconf 41' lang='grc'><strong>,</strong></span> <span class='ocrx_word' id='word_1_73' title='bbox 133 1917 135 1927; x_wconf 49' lang='grc'>,</span> <span class='ocrx_word' id='word_1_74' title='bbox 222 1836 363 1910; x_wconf 88' lang='lat' dir='ltr'>vulnere</span> <span class='ocrx_word' id='word_1_75' title='bbox 378 1837 587 1912; x_wconf 80' lang='lat' dir='ltr'>vulneratur.</span> <span class='ocrx_word' id='word_1_76' title='bbox 610 1841 697 1912; x_wconf 74' lang='lat' dir='ltr'>(ium</span> <span class='ocrx_word' id='word_1_77' title='bbox 722 1839 862 1937; x_wconf 89' lang='lat' dir='ltr'>singulis</span> <span class='ocrx_word' id='word_1_78' title='bbox 878 1850 999 1936; x_wconf 87' lang='lat' dir='ltr'>pectus</span> <span class='ocrx_word' id='word_1_79' title='bbox 1021 1862 1139 1914; x_wconf 89' lang='lat' dir='ltr'>meum</span> <span class='ocrx_word' id='word_1_80' title='bbox 1163 1863 1221 1913; x_wconf 93' lang='lat' dir='ltr'>co·</span> 
     </span>
    </p>
   </div>
   <div class='ocr_carea' id='block_1_4' title="bbox 222 1959 1220 2061">
    <p class='ocr_par' dir='ltr' id='par_1_4' title="bbox 222 1959 1220 2061">
     <span class='ocr_line' id='line_1_13' title="bbox 222 1959 1220 2061; baseline 0.002 -28"><span class='ocrx_word' id='word_1_81' title='bbox 222 1959 316 2057; x_wconf 90' lang='lat' dir='ltr'>pulo,</span> <span class='ocrx_word' id='word_1_82' title='bbox 332 1963 489 2035; x_wconf 89' lang='lat' dir='ltr'>rnoeroris</span> <span class='ocrx_word' id='word_1_83' title='bbox 502 1973 538 2035; x_wconf 84' lang='lat' dir='ltr'>et</span> <span class='ocrx_word' id='word_1_84' title='bbox 552 1962 685 2036; x_wconf 88' lang='lat' dir='ltr'>funeris</span> <span class='ocrx_word' id='word_1_85' title='bbox 701 1961 853 2061; x_wconf 90' lang='lat' dir='ltr'>pondera</span> <span class='ocrx_word' id='word_1_86' title='bbox 869 1964 1025 2037; x_wconf 90' lang='lat' dir='ltr'>luctuosa</span> <span class='ocrx_word' id='word_1_87' title='bbox 1037 1964 1220 2061; x_wconf 86' lang='lat' dir='ltr'>participo.</span> 
     </span>
    </p>
   </div>
   <div class='ocr_carea' id='block_1_5' title="bbox 222 2084 1243 2682">
    <p class='ocr_par' dir='ltr' id='par_1_5' title="bbox 222 2084 1243 2682">
     <span class='ocr_line' id='line_1_14' title="bbox 223 2084 1223 2184; baseline 0.005 -28"><span class='ocrx_word' id='word_1_88' title='bbox 223 2086 310 2159; x_wconf 83' lang='lat' dir='ltr'>Cum</span> <span class='ocrx_word' id='word_1_89' title='bbox 325 2084 566 2184; x_wconf 73' lang='lat' dir='ltr'>plangentibus</span> <span class='ocrx_word' id='word_1_90' title='bbox 589 2087 737 2184; x_wconf 87' lang='lat' dir='ltr'>plango,</span> <span class='ocrx_word' id='word_1_91' title='bbox 768 2109 848 2161; x_wconf 89' lang='lat' dir='ltr'>cum</span> <span class='ocrx_word' id='word_1_92' title='bbox 874 2085 1078 2161; x_wconf 85' lang='lat' dir='ltr'>deflentibus</span> <span class='ocrx_word' id='word_1_93' title='bbox 1099 2085 1223 2177; x_wconf 86' lang='lat' dir='ltr'>defleo,</span> 
     </span>
     <span class='ocr_line' id='line_1_15' title="bbox 223 2208 1223 2310; baseline 0.001 -27"><span class='ocrx_word' id='word_1_94' title='bbox 223 2232 303 2283; x_wconf 91' lang='lat' dir='ltr'>cum</span> <span class='ocrx_word' id='word_1_95' title='bbox 318 2208 509 2308; x_wconf 89' lang='lat' dir='ltr'>jacentibus</span> <span class='ocrx_word' id='word_1_96' title='bbox 526 2215 642 2308; x_wconf 88' lang='lat' dir='ltr'>jacere</span> <span class='ocrx_word' id='word_1_97' title='bbox 665 2234 721 2283; x_wconf 92' lang='lat' dir='ltr'>mc</span> <span class='ocrx_word' id='word_1_98' title='bbox 749 2208 865 2284; x_wconf 85' lang='lat' dir='ltr'>credo.</span> <span class='ocrx_word' id='word_1_99' title='bbox 892 2210 1020 2285; x_wconf 86' lang='lat' dir='ltr'>Jaeulis</span> <span class='ocrx_word' id='word_1_100' title='bbox 1039 2210 1106 2284; x_wconf 91' lang='lat' dir='ltr'>illis</span> <span class='ocrx_word' id='word_1_101' title='bbox 1128 2235 1223 2310; x_wconf 88' lang='lat' dir='ltr'>gras·</span> 
     </span>
     <span class='ocr_line' id='line_1_16' title="bbox 223 2332 1243 2436; baseline 0.001 -30"><span class='ocrx_word' id='word_1_102' title='bbox 223 2335 330 2406; x_wconf 86' lang='lat' dir='ltr'>sentis</span> <span class='ocrx_word' id='word_1_103' title='bbox 343 2332 473 2407; x_wconf 91' lang='lat' dir='ltr'>inimici</span> <span class='ocrx_word' id='word_1_104' title='bbox 486 2356 566 2407; x_wconf 88' lang='lat' dir='ltr'>moa</span> <span class='ocrx_word' id='word_1_105' title='bbox 580 2333 682 2407; x_wconf 91' lang='lat' dir='ltr'>simul</span> <span class='ocrx_word' id='word_1_106' title='bbox 695 2335 852 2408; x_wconf 88' lang='lat' dir='ltr'>membra</span> <span class='ocrx_word' id='word_1_107' title='bbox 867 2358 1031 2433; x_wconf 88' lang='lat' dir='ltr'>percusse</span> <span class='ocrx_word' id='word_1_108' title='bbox 1049 2348 1142 2428; x_wconf 86' lang='lat' dir='ltr'>sunt,</span> <span class='ocrx_word' id='word_1_109' title='bbox 1157 2358 1222 2407; x_wconf 83' lang='lat' dir='ltr'>sae·</span> <span class='ocrx_word' id='word_1_110' title='bbox 1240 2432 1243 2436; x_wconf 20' lang='lat'>¹</span> 
     </span>
     <span class='ocr_line' id='line_1_17' title="bbox 222 2456 1223 2556; baseline 0.002 -28"><span class='ocrx_word' id='word_1_111' title='bbox 222 2456 351 2529; x_wconf 86' lang='lat' dir='ltr'>vientes</span> <span class='ocrx_word' id='word_1_112' title='bbox 369 2456 473 2556; x_wconf 83' lang='lat' dir='ltr'>gladii</span> <span class='ocrx_word' id='word_1_113' title='bbox 490 2482 554 2555; x_wconf 92' lang='lat' dir='ltr'>per</span> <span class='ocrx_word' id='word_1_114' title='bbox 572 2481 652 2531; x_wconf 84' lang='lat' dir='ltr'>moa</span> <span class='ocrx_word' id='word_1_115' title='bbox 667 2460 801 2532; x_wconf 80' lang='lat' dir='ltr'>viscere</span> <span class='ocrx_word' id='word_1_116' title='bbox 820 2459 1037 2532; x_wconf 86' lang='lat' dir='ltr'>transierunt.</span> <span class='ocrx_word' id='word_1_117' title='bbox 1057 2460 1223 2534; x_wconf 88' lang='lat' dir='ltr'>immunis</span> 
     </span>
     <span class='ocr_line' id='line_1_18' title="bbox 222 2579 1223 2682; baseline 0.002 -30"><span class='ocrx_word' id='word_1_118' title='bbox 222 2592 257 2653; x_wconf 89' lang='lat' dir='ltr'>et</span> <span class='ocrx_word' id='word_1_119' title='bbox 285 2579 372 2654; x_wconf 90' lang='lat' dir='ltr'>liber</span> <span class='ocrx_word' id='word_1_120' title='bbox 398 2606 419 2655; x_wconf 87' lang='lat' dir='ltr'>a</span> <span class='ocrx_word' id='word_1_121' title='bbox 449 2583 694 2679; x_wconf 78' lang='lat' dir='ltr'>persecutionis</span> <span class='ocrx_word' id='word_1_122' title='bbox 722 2585 861 2657; x_wconf 88' lang='lat' dir='ltr'>incursu</span> <span class='ocrx_word' id='word_1_123' title='bbox 886 2583 992 2656; x_wconf 86' lang='lat' dir='ltr'>luisse</span> <span class='ocrx_word' id='word_1_124' title='bbox 1017 2605 1086 2656; x_wconf 91' lang='lat' dir='ltr'>non</span> <span class='ocrx_word' id='word_1_125' title='bbox 1110 2593 1223 2682; x_wconf 86' lang='lat' dir='ltr'>potest</span> 
     </span>
    </p>
   </div>
   <div class='ocr_carea' id='block_1_6' title="bbox 222 2705 1224 3797">
    <p class='ocr_par' dir='ltr' id='par_1_6' title="bbox 222 2705 1224 3549">
     <span class='ocr_line' id='line_1_19' title="bbox 223 2705 1224 2805; baseline 0.004 -29"><span class='ocrx_word' id='word_1_126' title='bbox 223 2705 374 2779; x_wconf 88' lang='lat' dir='ltr'>animus.</span> <span class='ocrx_word' id='word_1_127' title='bbox 389 2708 427 2779; x_wconf 94' lang='lat' dir='ltr'>ln</span> <span class='ocrx_word' id='word_1_128' title='bbox 436 2708 615 2805; x_wconf 85' lang='lat' dir='ltr'>prostratis</span> <span class='ocrx_word' id='word_1_129' title='bbox 628 2706 791 2781; x_wconf 83' lang='lat' dir='ltr'>iratribus</span> <span class='ocrx_word' id='word_1_130' title='bbox 804 2719 838 2780; x_wconf 87' lang='lat' dir='ltr'>et</span> <span class='ocrx_word' id='word_1_131' title='bbox 850 2730 906 2781; x_wconf 88' lang='lat' dir='ltr'>me</span> <span class='ocrx_word' id='word_1_132' title='bbox 918 2708 1102 2805; x_wconf 79' lang='lat' dir='ltr'>prostravit</span> <span class='ocrx_word' id='word_1_133' title='bbox 1112 2706 1224 2782; x_wconf 81' lang='lat' dir='ltr'>nilec-</span> 
     </span>
     <span class='ocr_line' id='line_1_20' title="bbox 222 2831 1220 2919; baseline -0.001 -14"><span class='ocrx_word' id='word_1_134' title='bbox 222 2843 279 2905; x_wconf 91' lang='lat' dir='ltr'>tus</span> <span class='ocrx_word' id='word_1_135' title='bbox 287 2841 314 2904; x_wconf 84' lang='lat'>².</span> <span class='ocrx_word' id='word_1_136' title='bbox 328 2862 344 2898; x_wconf 72' lang='lat' dir='ltr'>s</span> <span class='ocrx_word' id='word_1_137' title='bbox 357 2833 516 2906; x_wconf 79' lang='lat' dir='ltr'>Attamen</span> <span class='ocrx_word' id='word_1_138' title='bbox 530 2855 600 2906; x_wconf 94' lang='lat' dir='ltr'>non</span> <span class='ocrx_word' id='word_1_139' title='bbox 617 2857 688 2907; x_wconf 81' lang='lat' dir='ltr'>suae</span> <span class='ocrx_word' id='word_1_140' title='bbox 707 2831 810 2906; x_wconf 89' lang='lat' dir='ltr'>modo</span> <span class='ocrx_word' id='word_1_141' title='bbox 828 2832 991 2907; x_wconf 73' lang='lat' dir='ltr'>Ecclesia</span> <span class='ocrx_word' id='word_1_142' title='bbox 1006 2831 1220 2919; x_wconf 82' lang='lat' dir='ltr'>consulebat,</span> 
     </span>
     <span class='ocr_line' id='line_1_21' title="bbox 223 2953 1223 3048; baseline 0 -19"><span class='ocrx_word' id='word_1_143' title='bbox 223 2953 284 3029; x_wconf 89' lang='lat' dir='ltr'>scd</span> <span class='ocrx_word' id='word_1_144' title='bbox 302 2956 364 3029; x_wconf 87' lang='lat' dir='ltr'>toti</span> <span class='ocrx_word' id='word_1_145' title='bbox 382 2957 433 3029; x_wconf 89' lang='lat' dir='ltr'>rei</span> <span class='ocrx_word' id='word_1_146' title='bbox 450 2955 667 3048; x_wconf 81' lang='lat' dir='ltr'>christianae3</span> <span class='ocrx_word' id='word_1_147' title='bbox 683 2980 762 3030; x_wconf 90' lang='lat' dir='ltr'>cum</span> <span class='ocrx_word' id='word_1_148' title='bbox 784 2958 900 3031; x_wconf 85' lang='lat' dir='ltr'>omnia</span> <span class='ocrx_word' id='word_1_149' title='bbox 916 2968 991 3030; x_wconf 86' lang='lat' dir='ltr'>turn</span> <span class='ocrx_word' id='word_1_150' title='bbox 1014 2959 1135 3030; x_wconf 76' lang='lat' dir='ltr'>Roma</span> <span class='ocrx_word' id='word_1_151' title='bbox 1146 2968 1223 3030; x_wconf 91' lang='lat' dir='ltr'>tum</span> 
     </span>
     <span class='ocr_line' id='line_1_22' title="bbox 223 3079 1220 3192; baseline 0 -39"><span class='ocrx_word' id='word_1_152' title='bbox 223 3079 427 3178; x_wconf 84' lang='lat' dir='ltr'>Carthagine</span> <span class='ocrx_word' id='word_1_153' title='bbox 443 3079 623 3154; x_wconf 85' lang='lat' dir='ltr'>turbarent</span> <span class='ocrx_word' id='word_1_154' title='bbox 639 3091 674 3154; x_wconf 88' lang='lat' dir='ltr'>et</span> <span class='ocrx_word' id='word_1_155' title='bbox 693 3082 904 3156; x_wconf 85' lang='lat' dir='ltr'>Novatianus</span> <span class='ocrx_word' id='word_1_156' title='bbox 922 3093 956 3154; x_wconf 92' lang='lat' dir='ltr'>et</span> <span class='ocrx_word' id='word_1_157' title='bbox 974 3080 1220 3192; x_wconf 81' lang='lat' dir='ltr'>Felicissimus,</span> 
     </span>
     <span class='ocr_line' id='line_1_23' title="bbox 223 3202 1223 3300; baseline -0.001 -23"><span class='ocrx_word' id='word_1_158' title='bbox 223 3204 401 3300; x_wconf 88' lang='lat' dir='ltr'>permultis</span> <span class='ocrx_word' id='word_1_159' title='bbox 410 3202 453 3277; x_wconf 92' lang='lat' dir='ltr'>de</span> <span class='ocrx_word' id='word_1_160' title='bbox 463 3203 518 3278; x_wconf 90' lang='lat' dir='ltr'>his</span> <span class='ocrx_word' id='word_1_161' title='bbox 526 3203 848 3279; x_wconf 84' lang='lat' dir='ltr'>hominibuslitteris</span> <span class='ocrx_word' id='word_1_162' title='bbox 856 3202 970 3295; x_wconf 90' lang='lat' dir='ltr'>editis,</span> <span class='ocrx_word' id='word_1_163' title='bbox 981 3202 1108 3278; x_wconf 90' lang='lat' dir='ltr'>librum</span> <span class='ocrx_word' id='word_1_164' title='bbox 1120 3205 1223 3277; x_wconf 85' lang='lat' dir='ltr'>etiam</span> 
     </span>
     <span class='ocr_line' id='line_1_24' title="bbox 222 3327 1223 3426; baseline 0.001 -27"><span class='ocrx_word' id='word_1_165' title='bbox 222 3327 260 3398; x_wconf 91' lang='lat' dir='ltr'>in</span> <span class='ocrx_word' id='word_1_166' title='bbox 284 3350 352 3424; x_wconf 92' lang='lat' dir='ltr'>quo</span> <span class='ocrx_word' id='word_1_167' title='bbox 374 3330 534 3401; x_wconf 81' lang='lat' dir='ltr'>unitatem</span> <span class='ocrx_word' id='word_1_168' title='bbox 550 3330 703 3402; x_wconf 74' lang='lat' dir='ltr'>Ecclesia</span> <span class='ocrx_word' id='word_1_169' title='bbox 718 3328 979 3426; x_wconf 87' lang='lat' dir='ltr'>comprobaret,</span> <span class='ocrx_word' id='word_1_170' title='bbox 1000 3328 1052 3399; x_wconf 86' lang='lat' dir='ltr'>vir</span> <span class='ocrx_word' id='word_1_171' title='bbox 1076 3328 1223 3400; x_wconf 84' lang='lat' dir='ltr'>invictus</span> 
     </span>
     <span class='ocr_line' id='line_1_25' title="bbox 224 3449 761 3549; baseline 0.004 -27"><span class='ocrx_word' id='word_1_172' title='bbox 224 3473 246 3522; x_wconf 89' lang='lat' dir='ltr'>a</span> <span class='ocrx_word' id='word_1_173' title='bbox 265 3449 384 3525; x_wconf 88' lang='lat' dir='ltr'>labore</span> <span class='ocrx_word' id='word_1_174' title='bbox 411 3474 613 3549; x_wconf 89' lang='lat' dir='ltr'>componere</span> <span class='ocrx_word' id='word_1_175' title='bbox 631 3452 761 3526; x_wconf 88' lang='lat' dir='ltr'>statuit.</span> 
     </span>
    </p>

    <p class='ocr_par' dir='ltr' id='par_1_7' title="bbox 226 3569 1224 3797">
     <span class='ocr_line' id='line_1_26' title="bbox 274 3569 1224 3673; baseline -0.002 -27"><span class='ocrx_word' id='word_1_176' title='bbox 274 3574 435 3673; x_wconf 81' lang='lat' dir='ltr'>Cypriani</span> <span class='ocrx_word' id='word_1_177' title='bbox 460 3597 541 3648; x_wconf 80' lang='lat' dir='ltr'>reso</span> <span class='ocrx_word' id='word_1_178' title='bbox 565 3588 600 3648; x_wconf 89' lang='lat' dir='ltr'>et</span> <span class='ocrx_word' id='word_1_179' title='bbox 616 3575 745 3671; x_wconf 87' lang='lat' dir='ltr'>scripta</span> <span class='ocrx_word' id='word_1_180' title='bbox 771 3586 807 3647; x_wconf 86' lang='lat' dir='ltr'>et</span> <span class='ocrx_word' id='word_1_181' title='bbox 831 3594 913 3646; x_wconf 85' lang='lat' dir='ltr'>cura</span> <span class='ocrx_word' id='word_1_182' title='bbox 938 3570 981 3644; x_wconf 88' lang='lat' dir='ltr'>ad</span> <span class='ocrx_word' id='word_1_183' title='bbox 1006 3569 1224 3646; x_wconf 87' lang='lat' dir='ltr'>concordiam</span> 
     </span>
     <span class='ocr_line' id='line_1_27' title="bbox 226 3695 1223 3797; baseline -0.004 -25"><span class='ocrx_word' id='word_1_184' title='bbox 226 3719 332 3795; x_wconf 87' lang='lat' dir='ltr'>quarn</span> <span class='ocrx_word' id='word_1_185' title='bbox 360 3696 568 3796; x_wconf 82' lang='lat' dir='ltr'>exoptabat,</span> <span class='ocrx_word' id='word_1_186' title='bbox 600 3719 819 3797; x_wconf 88' lang='lat' dir='ltr'>summopere</span> <span class='ocrx_word' id='word_1_187' title='bbox 848 3695 1223 3793; x_wconf 68' lang='lat' dir='ltr'>profuerun13quippe</span> 
     </span>
    </p>
   </div>
   <div class='ocr_carea' id='block_1_7' title="bbox 258 4025 617 4174">
    <p class='ocr_par' dir='ltr' id='par_1_8' title="bbox 258 4025 617 4174">
     <span class='ocr_line' id='line_1_28' title="bbox 259 4025 534 4091; baseline 0.004 -16"><span class='ocrx_word' id='word_1_188' title='bbox 259 4031 281 4075; x_wconf 86' lang='lat' dir='ltr'>t.</span> <span class='ocrx_word' id='word_1_189' title='bbox 299 4027 338 4077; x_wconf 82' lang='lat' dir='ltr'>De</span> <span class='ocrx_word' id='word_1_190' title='bbox 351 4026 487 4091; x_wconf 60' lang='lat' dir='ltr'>Lupum</span> <span class='ocrx_word' id='word_1_191' title='bbox 502 4025 534 4080; x_wconf 89' lang='lat' dir='ltr'>ll.</span> 
     </span>
     <span class='ocr_line' id='line_1_29' title="bbox 258 4106 617 4174; baseline 0.014 -16"><span class='ocrx_word' id='word_1_192' title='bbox 258 4106 418 4174; x_wconf 77' lang='lat' dir='ltr'>².1btd.,c.</span> <span class='ocrx_word' id='word_1_193' title='bbox 432 4108 474 4163; x_wconf 76' lang='lat' dir='ltr'>lv.</span> <span class='ocrx_word' id='word_1_194' title='bbox 613 4142 617 4150; x_wconf 84' lang='lat'><strong>·</strong></span> 
     </span>
    </p>
   </div>
   <div class='ocr_carea' id='block_1_8' title="bbox 0 0 1654 5272">
    <p class='ocr_par' dir='ltr' id='par_1_9' title="bbox 0 0 1654 5272">
     <span class='ocr_line' id='line_1_30' title="bbox 0 0 1654 5272; baseline 0 0"><span class='ocrx_word' id='word_1_195' title='bbox 0 0 1654 5272; x_wconf 95' lang='lat' dir='ltr'> </span> 
     </span>
    </p>
   </div>
  </div>
 </body>
</html>
