3300 5272
505 431 787 483 asarmornrrnsrs
813 429 978 480 ersroms.
1177 411 1242 478 lli

241 555 451 631 nitebantur.
476 561 566 631 inter
588 556 768 631 seditiosos
785 558 916 653 primas
929 557 1044 630 laramt
1057 554 1246 654 presbyteri

240 681 299 778 qui
324 680 461 753 Thascii
491 679 649 753 electioni
674 679 902 772 obstiterant;
927 678 988 753 sed
1018 702 1061 753 ex
1085 679 1247 755 omnibus

240 805 389 875 maxime
412 805 578 890 Novatus,
598 804 702 877 horno
726 803 905 894 factiosus,
933 802 1092 900 impiger,
1126 801 1246 878 aridus

239 930 411 1026 potentiae,
424 927 687 1025 perditissimus,
706 940 868 1002 caeterum
881 929 964 1001 vitia
975 951 1039 1001 sua
1051 926 1169 1001 callide
1187 951 1246 1002 oc·

239 1055 384 1127 cultans.
398 1055 430 1124 ls
439 1064 623 1149 postquam
637 1052 731 1126 videt
744 1051 912 1150 populum
925 1053 1021 1125 noris
1033 1050 1241 1144 studentem,

168 1190 170 1195 ’
237 1200 378 1274 sperans
397 1175 471 1248 lore
495 1187 534 1247 ut
556 1174 709 1274 quidam,
729 1187 769 1250 ut
791 1177 829 1247 in
844 1173 905 1248 tali
922 1197 960 1248 re
975 1173 1073 1267 solet,
1091 1176 1243 1272 partium

236 1303 428 1399 principem
445 1302 629 1374 immutare
654 1322 722 1371 non
744 1309 951 1390 recusarent,
966 1298 1153 1372 dummodo
1166 1302 1240 1400 epi·

237 1450 359 1523 scopus
375 1428 433 1523 qui
451 1437 486 1498 et
504 1435 618 1496 rectus
638 1435 674 1494 et
694 1446 832 1495 severus
850 1421 1032 1496 nonnullos
1050 1421 1244 1498 offenderet

236 1548 387 1623 adversis
406 1549 517 1623 uenus
534 1557 699 1637 uteretur,
715 1544 896 1619 rebellium
907 1547 1053 1643 gratiam
1062 1548 1239 1644 aucupari,

230 1684 372 1771 ⁴captare
385 1671 606 1770 suffragium,
626 1671 809 1768 imperium
824 1668 963 1742 tandem
982 1670 1162 1745 allecta're.

279 1802 394 1895 ltaque
406 1781 659 1870 Felicissimum
671 1796 730 1892 qui
742 1793 833 1890 apud
848 1794 1012 1867 factiosos
1026 1794 1240 1892 amplissima

127 1926 138 1944 ’
235 1923 437 1996 auctoritate
467 1920 664 2012 fruebatur,
697 1917 880 1992 diaconum
912 1919 1076 2009 instituit3
1116 1917 1237 1993 deinde

235 2048 381 2118 Romam
400 2045 485 2142 petit
503 2043 593 2118 unde
616 2043 747 2116 amicos
764 2040 829 2115 sibi
845 2043 1012 2138 acquirat.
1030 2044 1142 2135 Tum,
1170 2045 1238 2116 Fa·

233 2168 325 2242 biani
343 2171 505 2268 martyris
524 2167 602 2241 loco
619 2167 784 2240 Ecclesiae
804 2166 1037 2263 principatum
1062 2166 1238 2241 obtinebat

232 2294 428 2383 Coroebus,
451 2298 548 2390 cujus
570 2291 725 2364 electioni
747 2291 871 2363 obvius
891 2301 964 2363 erat
980 2289 1120 2387 quidam
1142 2315 1238 2388 pres-

231 2418 330 2515 byter
352 2418 578 2506 Novatianus,
604 2417 656 2488 vir
673 2413 871 2488 dominandi
886 2412 1071 2510 eupiditate
1085 2413 1236 2512 flagran-

231 2543 403 2632 tissimus;
425 2542 482 2614 cui
502 2540 704 2613 Africanum
723 2542 896 2615 Nouatum
915 2547 1039 2611 natura
1060 2538 1231 2611 conciliat.

230 2667 377 2761 Uterque
386 2664 478 2737 enim
488 2663 624 2760 imperii
635 2663 893 2762 cupidissimus,
913 2665 1108 2735 Romanam
1119 2662 1235 2736 cathe-
1269 2682 1274 2694 ·

229 2786 327 2861 dram
348 2787 418 2876 ille,
442 2788 757 2886 Carthaginiensem
774 2785 861 2859 alter
883 2797 1059 2883 appetens,
1080 2787 1232 2859 necessi·

228 2911 345 2986 tudine
368 2911 519 3011 quadam
544 2922 580 2985 et
606 2909 852 2984 consuetudine
868 2911 961 2983 inter
981 2934 1019 2983 se
1046 2911 1228 3007 conJungi3

224 3008 309 3108 mox
332 3039 452 3110 Romae
471 3046 507 3109 et
525 3060 546 3108 a
564 3035 720 3109 Cornelio
737 3045 772 3107 et
789 3058 811 3107 a
831 3035 1001 3132 Cypriane
1023 3034 1122 3107 multi
1151 3057 1232 3131 pro·

227 3160 341 3231 missis
356 3152 520 3233 commoti
536 3158 806 3249 abstrahuntur3
829 3169 936 3250 tanta,
950 3159 1111 3230 maximis
1127 3158 1230 3229 etiam

225 3281 386 3355 inrerum
400 3282 653 3380 asperitatibus,
668 3281 765 3378 apud
779 3281 1107 3378 hominespetentiae
1120 3281 1228 3352 hono·
1320 3305 1323 3309 ’

224 3430 368 3504 rumque
383 3409 554 3480 contentio
569 3408 578 3480 l

274 3534 326 3604 De
351 3530 405 3603 his
435 3530 596 3604 omnibus
626 3528 935 3617 commonefactus,
964 3525 1007 3598 ad
1037 3526 1229 3600 Cornelium

223 3655 362 3750 scripsit
387 3639 578 3752 Cpprianus
601 3652 801 3751 legatosque
828 3649 983 3746 designat
1008 3651 1067 3747 qui
1097 3649 1228 3723 clerum

222 3799 402 3849 romanum
424 3775 466 3848 de
485 3778 620 3851 Novato
638 3775 838 3872 caeterisque
865 3771 1094 3865 schismaticis
1119 3782 1158 3844 ut
1172 3796 1228 3845 res

222 3923 258 3971 se
273 3898 418 3973 haberet
432 3896 626 3974 edocerent.
640 3900 686 3972 tt
694 3901 899 3971 Fortunatus
916 3895 1067 3994 quidam,
1087 3894 1226 3970 Carthe-

221 4023 386 4119 giniensis
398 4020 590 4119 presbyter,
608 4021 793 4095 alactiosis
805 4021 1003 4116 episcopatu
1027 4017 1220 4115 decoratus,
