3300 5272
667 365 849 427 tustani

197 525 1312 560 m

292 796 612 898 ADDENDA
656 796 738 897 ET
774 795 1221 903 CORRIGENDA.

629 1109 913 1139 ...φεμ-ιν

244 1467 319 1557 Pag.
337 1465 369 1548 3,
388 1465 450 1532 col.
463 1487 493 1531 a.
509 1467 591 1530 Cum
603 1465 695 1551 locis,
708 1466 763 1554 qui
776 1479 956 1529 monstrant
970 1464 1188 1553 appellatione
1202 1467 1319 1534 libero-

199 1615 271 1656 rum
290 1615 367 1657 usos
385 1615 456 1657 esse
469 1591 639 1681 magistros
654 1588 694 1654 de
708 1589 891 1678 discipulis,
914 1587 1055 1653 conferri
1078 1605 1186 1678 potest
1203 1590 1320 1655 Chori-

200 1716 267 1780 cius
290 1717 322 1779 in
350 1714 544 1802 Procopium
570 1720 587 1794 5
613 1714 655 1776 stt
681 1734 689 1776 ι
714 1709 790 1773 ὅσων
815 1709 920 1800 γέγονε
943 1696 1133 1792 παιδευτὴς,
1162 1710 1317 1775 τοσούτων

198 1836 315 1925 ὑπῆρχε
336 1834 461 1924 πατὴρ,
483 1828 533 1897 ior
552 1830 603 1897 καὶ
621 1832 733 1896 τέκνων
755 1831 824 1907 τοὺς
849 1828 998 1920 φοιτητὰς
1023 1831 1161 1923 ἀγαπῶν.
1182 1834 1319 1901 Codices

199 1984 281 2049 quos
308 1959 377 2024 vidi
404 1958 489 2040 duo,
515 1952 567 2020 ἴσα
595 1951 646 2019 καὶ
671 1954 781 2039 τέκνω,
803 1957 922 2021 scilicet
947 1951 1000 2019 ἴσοι
1020 1952 1070 2017 καὶ
1095 1957 1207 2039 τέκνῳ,
1230 1956 1317 2046 quod

199 2085 370 2174 recipiam,
399 2082 543 2172 quamvis
566 2097 768 2171 exspectetur
785 2082 895 2169 potius
915 2079 1040 2154 τέκνοις.
1062 2081 1124 2145 Sed
1142 2082 1170 2146 si
1189 2083 1317 2146 unicum

199 2207 354 2275 habuerit
370 2205 470 2270 lilium
488 2206 678 2294 Procopius,
692 2208 759 2292 jam
777 2201 872 2284 τέκνῳ
893 2205 989 2268 unice
1004 2206 1143 2293 probum
1157 2221 1213 2271 est

244 2331 281 2395 P.
298 2334 330 2412 d,
347 2331 390 2394 6:
407 2323 525 2402 ἐπὶτῆς
543 2312 593 2415 δέ)
618 2330 664 2395 ld
682 2330 931 2397 collocationem
955 2331 1195 2416 conjunctionis
1216 2332 1319 2395 nemi·

199 2478 274 2520 nem
289 2453 456 2519 offendere
468 2477 575 2543 posse,
589 2456 699 2544 ntique
714 2456 832 2521 ‹lelrere
846 2479 930 2520 reor.
946 2456 999 2518 Sic
1015 2454 1049 2518 F.
1064 2454 1119 2536 43,
1136 2453 1173 2536 53
1192 2455 1245 2536 86,
1261 2478 1292 2520 a.

243 2579 279 2643 Ρ.
297 2576 329 2661 5,
348 2576 376 2642 5.
395 2575 593 2665 Legendum,
613 2580 768 2667 «pinique
785 2579 860 2642 folia
874 2610 895 2642 ι.
909 2580 1033 2642 Ennius
1050 2576 1179 2666 quidem
1191 2578 1319 2668 Euripi·

199 2701 248 2767 dis
261 2703 362 2767 verba
381 2701 476 2765 initio
502 2701 643 2783 Medeae,
661 2699 810 2790 τμηθεῖσα
830 2700 926 2770 πεύκη
946 2703 1044 2766 vertit
1059 2732 1072 2758 «
1088 2724 1168 2766 caesa
1182 2703 1318 2791 abiegna

197 2825 307 2891 trabes
319 2850 347 2908 »ς
367 2824 422 2890 sed
438 2825 632 2890 imitatorem
650 2825 845 2905 ecferebat,
867 2841 899 2889 ct
918 2848 977 2890 suo
996 2840 1102 2915 poetae
1117 2826 1188 2913 jure
1203 2825 1315 2891 uteba·

198 2967 259 3015 tur.
275 2949 375 3015 Fidus
386 2948 488 3034 magis
505 2949 664 3038 interpres
678 2949 738 3013 fuit
751 2949 915 3032 Phaedrus,
930 2951 983 3014 cui
997 2949 1205 3015 nominatur«
1220 2948 1318 3014 Pinus

197 3073 388 3140 Thessala».
416 3073 605 3138 Latinorum
629 3073 717 3138 abies
740 3090 789 3139 est
816 3075 934 3139 llraecis
957 3069 1074 3155 nera,
1093 3074 1189 3164 pinus
1206 3069 1316 3144 πεύκη.

197 3200 240 3265 Εε
253 3198 415 3288 hodieque
434 3197 547 3264 iisdem
564 3199 752 3264 nominibus
764 3222 817 3263 eas
835 3199 965 3263 arbores
982 3197 1085 3263 Groeci
1100 3211 1230 3262 vocant.

241 3323 319 3389 Fab.
336 3324 367 3406 6,
384 3325 415 3389 6.
445 3322 525 3387 Vide
541 3325 576 3388 F.
594 3323 694 3404 5r,n.
714 3322 744 3386 6.

239 3449 317 3512 Fab.
340 3472 391 3529 rr,
411 3449 440 3513 i.
465 3449 561 3513 conf.
580 3449 707 3512 Knoch.
728 3450 854 3538 Fragm.
874 3448 926 3514 51.

241 3571 321 3636 Fab.
343 3573 392 3636 16.
416 3571 511 3636 Conf.
530 3572 659 3636 Knoch.
678 3571 729 3635 Fr.
749 3570 803 3636 56.

243 3693 278 3757 P.
299 3693 353 3778 39,
372 3693 435 3758 col.
465 3717 494 3774 a,
521 3669 551 3757 6.
576 3695 659 3782 Lege
677 3688 793 3757 ἐλπίσιν
816 3717 876 3783 pro
894 3682 1025 3756 ἕλπίὸιν.
1046 3695 1168 3783 Saepius
1192 3691 1320 3781 fugiunt

198 3818 321 3898 visum,
341 3818 425 3879 inter
441 3813 610 3903 legendum
626 3815 810 3901 specimina,
829 3812 953 3878 mendae
970 3812 1182 3902 praegrandes,
1195 3834 1267 3900 quae
1282 3811 1316 3874 in

197 3945 334 4036 plagulis
349 3943 567 4025 nitidioribus,
586 3965 689 4030 neque
705 3943 772 4027 jam
789 3942 848 4005 sub
865 3940 956 4029 prelo
976 3935 1185 4025 reponendis,
1208 3937 1317 3999 statim

198 4069 290 4159 quasi
309 4066 455 4131 insiliunt
474 4066 575 4131 oculis
604 4088 723 4152 eosque
741 4062 872 4128 laedunt.
898 4063 951 4125 Sic
970 4082 1074 4148 nuper
1091 4061 1125 4122 in
1140 4056 1317 4126 Anccdotis

198 4192 316 4274 Novis,
335 4215 434 4280 quum
446 4193 513 4276 jam
532 4191 647 4255 emissa
664 4189 813 4253 volarent
829 4184 1073 4266 irrevocabilia,
1100 4180 1254 4272 obstupui
1271 4179 1320 4243 in·

199 4317 309 4382 cidens
330 4341 363 4405 p.
387 4339 458 4397 100,
480 4338 512 4379 n.
542 4338 571 4396 r,
597 4315 629 4377 in
650 4309 821 4396 παθήματα
839 4304 1030 4394 παθήματα,
1049 4331 1110 4397 pro
1125 4301 1200 4370 ποθ.
1219 4298 1317 4392 μαθη-
