<?xml version="1.0" encoding="UTF-8"?>
<!DOCTYPE html PUBLIC "-//W3C//DTD XHTML 1.0 Transitional//EN"
    "http://www.w3.org/TR/xhtml1/DTD/xhtml1-transitional.dtd">
<html xmlns="http://www.w3.org/1999/xhtml" xml:lang="en" lang="en">
 <head>
  <title>
</title>
<meta http-equiv="Content-Type" content="text/html;charset=utf-8" />
  <meta name='ocr-system' content='tesseract 3.04.00' />
  <meta name='ocr-capabilities' content='ocr_page ocr_carea ocr_par ocr_line ocrx_word'/>
</head>
<body>
  <div class='ocr_page' id='page_1' title='image "./desanctocyprian00blamgoog_0053.png"; bbox 0 0 3300 5272; ppageno 0'>
   <div class='ocr_carea' id='block_1_1' title="bbox 888 420 1323 484">
    <p class='ocr_par' dir='ltr' id='par_1_1' title="bbox 888 420 1323 484">
     <span class='ocr_line' id='line_1_1' title="bbox 888 420 1323 484; baseline 0.011 -7"><span class='ocrx_word' id='word_1_1' title='bbox 888 420 1036 481; x_wconf 75' lang='lat' dir='ltr'>BAlel</span> <span class='ocrx_word' id='word_1_2' title='bbox 1064 424 1231 484; x_wconf 67' lang='lat' dir='ltr'>resuta</span> <span class='ocrx_word' id='word_1_3' title='bbox 1260 424 1323 483; x_wconf 82' lang='lat' dir='ltr'>XV.</span> 
     </span>
    </p>
   </div>
   <div class='ocr_carea' id='block_1_2' title="bbox 1068 764 1144 830">
    <p class='ocr_par' dir='ltr' id='par_1_2' title="bbox 1068 764 1144 830">
     <span class='ocr_line' id='line_1_2' title="bbox 1068 764 1144 830; baseline -0.013 0"><span class='ocrx_word' id='word_1_4' title='bbox 1068 764 1144 830; x_wconf 84' lang='lat' dir='ltr'>XV.</span> 
     </span>
    </p>
   </div>
   <div class='ocr_carea' id='block_1_3' title="bbox 771 1021 1424 1089">
    <p class='ocr_par' dir='ltr' id='par_1_3' title="bbox 771 1021 1424 1089">
     <span class='ocr_line' id='line_1_3' title="bbox 771 1021 1424 1089; baseline 0.011 -9"><span class='ocrx_word' id='word_1_5' title='bbox 771 1021 1069 1086; x_wconf 71' lang='lat' dir='ltr'>a&#39;rttssnrltusts</span> <span class='ocrx_word' id='word_1_6' title='bbox 1096 1027 1150 1084; x_wconf 84' lang='grc' dir='ltr'>ΕΤ</span> <span class='ocrx_word' id='word_1_7' title='bbox 1181 1027 1424 1089; x_wconf 70' lang='lat' dir='ltr'>tustanus.</span> 
     </span>
    </p>
   </div>
   <div class='ocr_carea' id='block_1_4' title="bbox 587 1332 1645 1424">
    <p class='ocr_par' dir='ltr' id='par_1_4' title="bbox 587 1332 1645 1424">
     <span class='ocr_line' id='line_1_4' title="bbox 587 1332 1645 1424; baseline 0.001 -27"><span class='ocrx_word' id='word_1_8' title='bbox 587 1333 674 1397; x_wconf 85' lang='lat' dir='ltr'>Civis</span> <span class='ocrx_word' id='word_1_9' title='bbox 698 1332 905 1396; x_wconf 82' lang='lat' dir='ltr'>Atheniensis</span> <span class='ocrx_word' id='word_1_10' title='bbox 925 1356 999 1397; x_wconf 91' lang='lat' dir='ltr'>cum</span> <span class='ocrx_word' id='word_1_11' title='bbox 1015 1333 1175 1399; x_wconf 89' lang='lat' dir='ltr'>Thebano</span> <span class='ocrx_word' id='word_1_12' title='bbox 1199 1335 1269 1399; x_wconf 87' lang='lat' dir='ltr'>cive</span> <span class='ocrx_word' id='word_1_13' title='bbox 1290 1335 1374 1398; x_wconf 87' lang='lat' dir='ltr'>viam</span> <span class='ocrx_word' id='word_1_14' title='bbox 1399 1337 1555 1424; x_wconf 78' lang='lat' dir='ltr'>carpebat</span> <span class='ocrx_word' id='word_1_15' title='bbox 1572 1359 1645 1400; x_wconf 88' lang='lat' dir='ltr'>com</span> 
     </span>
    </p>
   </div>
   <div class='ocr_carea' id='block_1_5' title="bbox 547 1454 1634 1565">
    <p class='ocr_par' dir='ltr' id='par_1_5' title="bbox 547 1454 1634 1565">
     <span class='ocr_line' id='line_1_5' title="bbox 547 1454 1634 1565; baseline 0.005 -29"><span class='ocrx_word' id='word_1_16' title='bbox 547 1454 775 1555; x_wconf 43' lang='lat' dir='ltr'>muniterset,</span> <span class='ocrx_word' id='word_1_17' title='bbox 793 1490 829 1537; x_wconf 93' lang='lat' dir='ltr'>ut</span> <span class='ocrx_word' id='word_1_18' title='bbox 844 1473 898 1555; x_wconf 88' lang='lat' dir='ltr'>fit,</span> <span class='ocrx_word' id='word_1_19' title='bbox 920 1475 1191 1539; x_wconf 81' lang='lat' dir='ltr'>confabulabatur</span> <span class='ocrx_word' id='word_1_20' title='bbox 1206 1502 1215 1557; x_wconf 90' lang='lat'>;</span> <span class='ocrx_word' id='word_1_21' title='bbox 1232 1490 1404 1564; x_wconf 83' lang='lat' dir='ltr'>sermoque</span> <span class='ocrx_word' id='word_1_22' title='bbox 1420 1501 1521 1565; x_wconf 92' lang='lat' dir='ltr'>quum</span> <span class='ocrx_word' id='word_1_23' title='bbox 1536 1474 1634 1541; x_wconf 79' lang='lat' dir='ltr'>ssurre</span> 
     </span>
    </p>
   </div>
   <div class='ocr_carea' id='block_1_6' title="bbox 539 1611 1650 2689">
    <p class='ocr_par' dir='ltr' id='par_1_6' title="bbox 541 1611 1628 1835">
     <span class='ocr_line' id='line_1_6' title="bbox 545 1611 1628 1704; baseline 0.004 -28"><span class='ocrx_word' id='word_1_24' title='bbox 545 1612 587 1676; x_wconf 90' lang='lat' dir='ltr'>ad</span> <span class='ocrx_word' id='word_1_25' title='bbox 602 1614 727 1678; x_wconf 81' lang='lat' dir='ltr'>Heroas</span> <span class='ocrx_word' id='word_1_26' title='bbox 740 1636 842 1702; x_wconf 92' lang='lat' dir='ltr'>usque</span> <span class='ocrx_word' id='word_1_27' title='bbox 856 1611 1007 1702; x_wconf 80' lang='lat' dir='ltr'>deiapsus</span> <span class='ocrx_word' id='word_1_28' title='bbox 1021 1631 1069 1679; x_wconf 91' lang='lat' dir='ltr'>est</span> <span class='ocrx_word' id='word_1_29' title='bbox 1085 1639 1093 1679; x_wconf 74' lang='grc' dir='ltr'>ε</span> <span class='ocrx_word' id='word_1_30' title='bbox 1113 1616 1274 1704; x_wconf 81' lang='lat' dir='ltr'>prolixum</span> <span class='ocrx_word' id='word_1_31' title='bbox 1290 1615 1423 1704; x_wconf 89' lang='lat' dir='ltr'>quidem</span> <span class='ocrx_word' id='word_1_32' title='bbox 1442 1632 1554 1680; x_wconf 82' lang='lat' dir='ltr'>cetero</span> <span class='ocrx_word' id='word_1_33' title='bbox 1571 1641 1628 1704; x_wconf 84' lang='lat' dir='ltr'>arg</span> 
     </span>
     <span class='ocr_line' id='line_1_7' title="bbox 541 1753 1018 1835; baseline -0.004 -17"><span class='ocrx_word' id='word_1_34' title='bbox 541 1770 697 1835; x_wconf 89' lang='lat' dir='ltr'>mentum,</span> <span class='ocrx_word' id='word_1_35' title='bbox 718 1776 778 1818; x_wconf 91' lang='lat' dir='ltr'>nec</span> <span class='ocrx_word' id='word_1_36' title='bbox 793 1753 1018 1819; x_wconf 87' lang='lat' dir='ltr'>necessarium.</span> 
     </span>
    </p>

    <p class='ocr_par' dir='ltr' id='par_1_7' title="bbox 542 1893 1650 2410">
     <span class='ocr_line' id='line_1_8' title="bbox 586 1893 1649 1974; baseline -0.004 -16"><span class='ocrx_word' id='word_1_37' title='bbox 586 1893 732 1958; x_wconf 80' lang='lat' dir='ltr'>Tandem</span> <span class='ocrx_word' id='word_1_38' title='bbox 748 1894 926 1957; x_wconf 75' lang='lat' dir='ltr'>Thebanus</span> <span class='ocrx_word' id='word_1_39' title='bbox 941 1910 1052 1957; x_wconf 90' lang='lat' dir='ltr'>natum</span> <span class='ocrx_word' id='word_1_40' title='bbox 1067 1893 1217 1957; x_wconf 81' lang='lat' dir='ltr'>Alcmena</span> <span class='ocrx_word' id='word_1_41' title='bbox 1235 1894 1406 1958; x_wconf 89' lang='lat' dir='ltr'>hominum</span> <span class='ocrx_word' id='word_1_42' title='bbox 1425 1895 1614 1974; x_wconf 86' lang='lat' dir='ltr'>maximum,</span> <span class='ocrx_word' id='word_1_43' title='bbox 1632 1917 1649 1954; x_wconf 86' lang='lat' dir='ltr'>e</span> 
     </span>
     <span class='ocr_line' id='line_1_9' title="bbox 542 2035 1646 2123; baseline -0.002 -25"><span class='ocrx_word' id='word_1_44' title='bbox 542 2057 630 2099; x_wconf 90' lang='lat' dir='ltr'>nunc</span> <span class='ocrx_word' id='word_1_45' title='bbox 649 2035 795 2099; x_wconf 88' lang='lat' dir='ltr'>Deorum</span> <span class='ocrx_word' id='word_1_46' title='bbox 821 2057 953 2123; x_wconf 90' lang='lat' dir='ltr'>quoque</span> <span class='ocrx_word' id='word_1_47' title='bbox 979 2058 1049 2099; x_wconf 86' lang='lat' dir='ltr'>esse</span> <span class='ocrx_word' id='word_1_48' title='bbox 1066 2035 1271 2123; x_wconf 77' lang='lat' dir='ltr'>praedicabat.</span> <span class='ocrx_word' id='word_1_49' title='bbox 1302 2036 1366 2117; x_wconf 89' lang='lat' dir='ltr'>Qui</span> <span class='ocrx_word' id='word_1_50' title='bbox 1393 2051 1502 2100; x_wconf 87' lang='lat' dir='ltr'>autem</span> <span class='ocrx_word' id='word_1_51' title='bbox 1526 2036 1646 2098; x_wconf 87' lang='lat' dir='ltr'>Atheni</span> 
     </span>
     <span class='ocr_line' id='line_1_10' title="bbox 542 2176 1645 2267; baseline -0.005 -23"><span class='ocrx_word' id='word_1_52' title='bbox 542 2177 701 2244; x_wconf 89' lang='lat' dir='ltr'>oriundus</span> <span class='ocrx_word' id='word_1_53' title='bbox 727 2177 831 2243; x_wconf 83' lang='lat' dir='ltr'>multo</span> <span class='ocrx_word' id='word_1_54' title='bbox 862 2177 1116 2267; x_wconf 69' lang='lat' dir='ltr'>praestantiorem</span> <span class='ocrx_word' id='word_1_55' title='bbox 1143 2179 1308 2242; x_wconf 84' lang='lat' dir='ltr'>Theseum</span> <span class='ocrx_word' id='word_1_56' title='bbox 1335 2177 1434 2241; x_wconf 86' lang='lat' dir='ltr'>fuisse</span> <span class='ocrx_word' id='word_1_57' title='bbox 1461 2176 1645 2266; x_wconf 85' lang='lat' dir='ltr'>reponebat</span> 
     </span>
     <span class='ocr_line' id='line_1_11' title="bbox 542 2316 1650 2410; baseline -0.005 -25"><span class='ocrx_word' id='word_1_58' title='bbox 542 2345 645 2410; x_wconf 92' lang='lat' dir='ltr'>quum</span> <span class='ocrx_word' id='word_1_59' title='bbox 674 2337 795 2386; x_wconf 85' lang='lat' dir='ltr'>sortem</span> <span class='ocrx_word' id='word_1_60' title='bbox 810 2344 886 2387; x_wconf 83' lang='lat' dir='ltr'>rere</span> <span class='ocrx_word' id='word_1_61' title='bbox 905 2318 1046 2385; x_wconf 88' lang='lat' dir='ltr'>divinam</span> <span class='ocrx_word' id='word_1_62' title='bbox 1062 2334 1146 2384; x_wconf 85' lang='lat' dir='ltr'>esset</span> <span class='ocrx_word' id='word_1_63' title='bbox 1161 2317 1311 2400; x_wconf 87' lang='lat' dir='ltr'>sortitus,</span> <span class='ocrx_word' id='word_1_64' title='bbox 1332 2317 1481 2382; x_wconf 86' lang='lat' dir='ltr'>servilem</span> <span class='ocrx_word' id='word_1_65' title='bbox 1497 2316 1650 2380; x_wconf 86' lang='lat' dir='ltr'>Hercule</span> 
     </span>
    </p>

    <p class='ocr_par' dir='ltr' id='par_1_8' title="bbox 539 2458 1645 2689">
     <span class='ocr_line' id='line_1_12' title="bbox 584 2458 1645 2548; baseline -0.005 -22"><span class='ocrx_word' id='word_1_66' title='bbox 584 2465 626 2527; x_wconf 88' lang='lat' dir='ltr'>Et</span> <span class='ocrx_word' id='word_1_67' title='bbox 641 2464 684 2526; x_wconf 87' lang='lat' dir='ltr'>ita</span> <span class='ocrx_word' id='word_1_68' title='bbox 702 2462 856 2548; x_wconf 82' lang='lat' dir='ltr'>loquutus</span> <span class='ocrx_word' id='word_1_69' title='bbox 873 2461 1040 2542; x_wconf 79' lang='lat' dir='ltr'>vincebat3</span> <span class='ocrx_word' id='word_1_70' title='bbox 1066 2459 1205 2524; x_wconf 89' lang='lat' dir='ltr'>disertus</span> <span class='ocrx_word' id='word_1_71' title='bbox 1228 2459 1316 2522; x_wconf 91' lang='lat' dir='ltr'>enim</span> <span class='ocrx_word' id='word_1_72' title='bbox 1342 2458 1405 2522; x_wconf 90' lang='lat' dir='ltr'>fuit</span> <span class='ocrx_word' id='word_1_73' title='bbox 1425 2458 1545 2522; x_wconf 88' lang='lat' dir='ltr'>rhetor.</span> <span class='ocrx_word' id='word_1_74' title='bbox 1572 2458 1645 2521; x_wconf 88' lang='lat' dir='ltr'>Alte</span> 
     </span>
     <span class='ocr_line' id='line_1_13' title="bbox 539 2597 1643 2689; baseline -0.005 -25"><span class='ocrx_word' id='word_1_75' title='bbox 539 2624 633 2683; x_wconf 83' lang='lat' dir='ltr'>vero,</span> <span class='ocrx_word' id='word_1_76' title='bbox 649 2624 716 2665; x_wconf 95' lang='lat' dir='ltr'>non</span> <span class='ocrx_word' id='word_1_77' title='bbox 735 2623 844 2689; x_wconf 84' lang='lat' dir='ltr'>aequa,</span> <span class='ocrx_word' id='word_1_78' title='bbox 868 2600 987 2688; x_wconf 90' lang='lat' dir='ltr'>quippe</span> <span class='ocrx_word' id='word_1_79' title='bbox 1003 2601 1144 2679; x_wconf 88' lang='lat' dir='ltr'>Boeotus,</span> <span class='ocrx_word' id='word_1_80' title='bbox 1163 2597 1312 2661; x_wconf 85' lang='lat' dir='ltr'>oratoriae</span> <span class='ocrx_word' id='word_1_81' title='bbox 1327 2597 1579 2661; x_wconf 83' lang='lat' dir='ltr'>concertationis</span> <span class='ocrx_word' id='word_1_82' title='bbox 1593 2614 1643 2660; x_wconf 86' lang='lat' dir='ltr'>art</span> 
     </span>
    </p>
   </div>
   <div class='ocr_carea' id='block_1_7' title="bbox 545 2737 1647 2830">
    <p class='ocr_par' dir='ltr' id='par_1_9' title="bbox 545 2737 1647 2830">
     <span class='ocr_line' id='line_1_14' title="bbox 545 2737 1647 2830; baseline -0.005 -25"><span class='ocrx_word' id='word_1_83' title='bbox 545 2742 683 2830; x_wconf 88' lang='lat' dir='ltr'>pollens,</span> <span class='ocrx_word' id='word_1_84' title='bbox 699 2739 772 2805; x_wconf 91' lang='lat' dir='ltr'>rudi</span> <span class='ocrx_word' id='word_1_85' title='bbox 787 2764 877 2804; x_wconf 89' lang='lat' dir='ltr'>musa</span> <span class='ocrx_word' id='word_1_86' title='bbox 894 2737 997 2804; x_wconf 87' lang='lat' dir='ltr'>dixit:</span> <span class='ocrx_word' id='word_1_87' title='bbox 1015 2739 1169 2802; x_wconf 79' lang='lat' dir='ltr'>«Desine.</span> <span class='ocrx_word' id='word_1_88' title='bbox 1190 2737 1311 2802; x_wconf 84' lang='lat' dir='ltr'>Vincis.</span> <span class='ocrx_word' id='word_1_89' title='bbox 1339 2737 1442 2825; x_wconf 84' lang='lat' dir='ltr'>lgitur</span> <span class='ocrx_word' id='word_1_90' title='bbox 1459 2738 1555 2802; x_wconf 90' lang='lat' dir='ltr'>nobis</span> <span class='ocrx_word' id='word_1_91' title='bbox 1576 2739 1647 2801; x_wconf 84' lang='lat' dir='ltr'>The</span> 
     </span>
    </p>
   </div>
   <div class='ocr_carea' id='block_1_8' title="bbox 541 2880 1314 2966">
    <p class='ocr_par' dir='ltr' id='par_1_10' title="bbox 541 2880 1314 2966">
     <span class='ocr_line' id='line_1_15' title="bbox 541 2880 1314 2966; baseline -0.008 -14"><span class='ocrx_word' id='word_1_92' title='bbox 541 2919 554 2945; x_wconf 80' lang='grc' dir='ltr'>ι</span> <span class='ocrx_word' id='word_1_93' title='bbox 571 2910 645 2952; x_wconf 82' lang='lat' dir='ltr'>scus</span> <span class='ocrx_word' id='word_1_94' title='bbox 664 2886 835 2966; x_wconf 87' lang='lat' dir='ltr'>irascatur,</span> <span class='ocrx_word' id='word_1_95' title='bbox 853 2882 1106 2948; x_wconf 89' lang='lat' dir='ltr'>Atheniensibus</span> <span class='ocrx_word' id='word_1_96' title='bbox 1120 2880 1274 2947; x_wconf 89' lang='lat' dir='ltr'>Hercules</span> <span class='ocrx_word' id='word_1_97' title='bbox 1291 2913 1314 2946; x_wconf 70' lang='grc' dir='ltr'>ι.</span> 
     </span>
    </p>
   </div>
   <div class='ocr_carea' id='block_1_9' title="bbox 585 3156 1645 3248">
    <p class='ocr_par' dir='ltr' id='par_1_11' title="bbox 585 3156 1645 3248">
     <span class='ocr_line' id='line_1_16' title="bbox 585 3156 1645 3248; baseline -0.005 -23"><span class='ocrx_word' id='word_1_98' title='bbox 585 3159 685 3244; x_wconf 88' lang='lat' dir='ltr'>Quod</span> <span class='ocrx_word' id='word_1_99' title='bbox 711 3183 778 3224; x_wconf 90' lang='lat' dir='ltr'>non</span> <span class='ocrx_word' id='word_1_100' title='bbox 805 3174 955 3247; x_wconf 86' lang='lat' dir='ltr'>oporteat</span> <span class='ocrx_word' id='word_1_101' title='bbox 982 3159 1154 3248; x_wconf 87' lang='lat' dir='ltr'>optimates</span> <span class='ocrx_word' id='word_1_102' title='bbox 1178 3158 1265 3222; x_wconf 83' lang='lat' dir='ltr'>viros</span> <span class='ocrx_word' id='word_1_103' title='bbox 1290 3156 1332 3223; x_wconf 90' lang='lat' dir='ltr'>ad</span> <span class='ocrx_word' id='word_1_104' title='bbox 1356 3159 1436 3222; x_wconf 83' lang='lat' dir='ltr'>iram</span> <span class='ocrx_word' id='word_1_105' title='bbox 1457 3159 1489 3221; x_wconf 92' lang='lat' dir='ltr'>in</span> <span class='ocrx_word' id='word_1_106' title='bbox 1513 3156 1645 3221; x_wconf 89' lang='lat' dir='ltr'>subdito</span> 
     </span>
    </p>
   </div>
   <div class='ocr_carea' id='block_1_10' title="bbox 539 3301 1508 3393">
    <p class='ocr_par' dir='ltr' id='par_1_12' title="bbox 539 3301 1508 3393">
     <span class='ocr_line' id='line_1_17' title="bbox 539 3301 1508 3393; baseline -0.006 -23"><span class='ocrx_word' id='word_1_107' title='bbox 539 3307 675 3370; x_wconf 88' lang='lat' dir='ltr'>irritare.</span> <span class='ocrx_word' id='word_1_108' title='bbox 693 3304 855 3370; x_wconf 81' lang='lat' dir='ltr'>Adversus</span> <span class='ocrx_word' id='word_1_109' title='bbox 871 3302 1106 3393; x_wconf 84' lang='lat' dir='ltr'>disputationes</span> <span class='ocrx_word' id='word_1_110' title='bbox 1117 3325 1215 3367; x_wconf 84' lang='lat' dir='ltr'>vanas</span> <span class='ocrx_word' id='word_1_111' title='bbox 1229 3316 1262 3366; x_wconf 92' lang='lat' dir='ltr'>et</span> <span class='ocrx_word' id='word_1_112' title='bbox 1271 3301 1508 3367; x_wconf 89' lang='lat' dir='ltr'>contentiones.</span> 
     </span>
    </p>
   </div>
   <div class='ocr_carea' id='block_1_11' title="bbox 514 3650 1650 4119">
    <p class='ocr_par' dir='ltr' id='par_1_13' title="bbox 514 3650 1650 4119">
     <span class='ocr_line' id='line_1_18' title="bbox 539 3650 1644 3722; baseline -0.012 -11"><span class='ocrx_word' id='word_1_113' title='bbox 539 3665 624 3722; x_wconf 77' lang='lat' dir='ltr'>coray.</span> <span class='ocrx_word' id='word_1_114' title='bbox 633 3657 733 3709; x_wconf 75' lang='lat' dir='ltr'>statut.</span> <span class='ocrx_word' id='word_1_115' title='bbox 742 3660 793 3718; x_wconf 75' lang='lat' dir='ltr'>ta,</span> <span class='ocrx_word' id='word_1_116' title='bbox 801 3655 876 3720; x_wconf 81' lang='lat' dir='ltr'>p.at&#39;;</span> <span class='ocrx_word' id='word_1_117' title='bbox 889 3656 1000 3706; x_wconf 70' lang='lat' dir='ltr'>tardior.</span> <span class='ocrx_word' id='word_1_118' title='bbox 1008 3654 1070 3705; x_wconf 75' lang='lat' dir='ltr'>nist.</span> <span class='ocrx_word' id='word_1_119' title='bbox 1157 3650 1362 3701; x_wconf 74' lang='lat' dir='ltr'>affabulationem</span> <span class='ocrx_word' id='word_1_120' title='bbox 1373 3650 1513 3702; x_wconf 73' lang='lat' dir='ltr'>extribuisti</span> <span class='ocrx_word' id='word_1_121' title='bbox 1529 3650 1644 3713; x_wconf 78' lang='lat' dir='ltr'>apograpt</span> 
     </span>
     <span class='ocr_line' id='line_1_19' title="bbox 536 3727 1648 3800; baseline -0.011 -11"><span class='ocrx_word' id='word_1_122' title='bbox 536 3737 610 3790; x_wconf 73' lang='lat' dir='ltr'>trad.</span> <span class='ocrx_word' id='word_1_123' title='bbox 620 3737 731 3800; x_wconf 81' lang='lat' dir='ltr'>laseript</span> <span class='ocrx_word' id='word_1_124' title='bbox 742 3740 759 3785; x_wconf 89' lang='lat' dir='ltr'>t.</span> <span class='ocrx_word' id='word_1_125' title='bbox 767 3739 809 3796; x_wconf 73' lang='grc'>47,</span> <span class='ocrx_word' id='word_1_126' title='bbox 818 3749 843 3799; x_wconf 84' lang='lat' dir='ltr'>p.</span> <span class='ocrx_word' id='word_1_127' title='bbox 855 3739 914 3797; x_wconf 61' lang='grc' dir='ltr'>Μῦς</span> <span class='ocrx_word' id='word_1_128' title='bbox 926 3733 1071 3785; x_wconf 66' lang='lat' dir='ltr'>unitatem.</span> <span class='ocrx_word' id='word_1_129' title='bbox 1124 3732 1255 3795; x_wconf 82' lang='lat' dir='ltr'>scriptura.</span> <span class='ocrx_word' id='word_1_130' title='bbox 1270 3737 1297 3781; x_wconf 85' lang='lat' dir='ltr'>lu</span> <span class='ocrx_word' id='word_1_131' title='bbox 1308 3731 1382 3781; x_wconf 82' lang='lat' dir='ltr'>latim</span> <span class='ocrx_word' id='word_1_132' title='bbox 1394 3727 1597 3793; x_wconf 77' lang='lat' dir='ltr'>interpretatione</span> <span class='ocrx_word' id='word_1_133' title='bbox 1606 3742 1648 3777; x_wconf 84' lang='lat' dir='ltr'>sen</span> 
     </span>
     <span class='ocr_line' id='line_1_20' title="bbox 538 3810 1647 3879; baseline -0.009 -11"><span class='ocrx_word' id='word_1_134' title='bbox 538 3818 627 3869; x_wconf 71' lang='lat' dir='ltr'>hareb.</span> <span class='ocrx_word' id='word_1_135' title='bbox 643 3817 682 3866; x_wconf 82' lang='lat' dir='ltr'>ab.</span> <span class='ocrx_word' id='word_1_136' title='bbox 695 3819 725 3866; x_wconf 73' lang='lat'>3⁴</span> <span class='ocrx_word' id='word_1_137' title='bbox 736 3853 743 3876; x_wconf 92' lang='lat'>,</span> <span class='ocrx_word' id='word_1_138' title='bbox 756 3829 780 3879; x_wconf 83' lang='lat' dir='ltr'>p.</span> <span class='ocrx_word' id='word_1_139' title='bbox 793 3817 848 3865; x_wconf 77' lang='lat' dir='ltr'>att.</span> <span class='ocrx_word' id='word_1_140' title='bbox 871 3814 993 3876; x_wconf 72' lang='lat' dir='ltr'>Insignem</span> <span class='ocrx_word' id='word_1_141' title='bbox 1006 3826 1072 3863; x_wconf 87' lang='lat' dir='ltr'>erro·</span> <span class='ocrx_word' id='word_1_142' title='bbox 1126 3813 1217 3863; x_wconf 82' lang='lat' dir='ltr'>teutlas</span> <span class='ocrx_word' id='word_1_143' title='bbox 1227 3812 1273 3862; x_wconf 73' lang='lat' dir='ltr'>[eei</span> <span class='ocrx_word' id='word_1_144' title='bbox 1284 3813 1346 3862; x_wconf 82' lang='lat' dir='ltr'>diras</span> <span class='ocrx_word' id='word_1_145' title='bbox 1358 3825 1388 3861; x_wconf 81' lang='lat' dir='ltr'>ex</span> <span class='ocrx_word' id='word_1_146' title='bbox 1402 3824 1450 3861; x_wconf 84' lang='lat' dir='ltr'>ona</span> <span class='ocrx_word' id='word_1_147' title='bbox 1459 3846 1467 3873; x_wconf 88' lang='lat'><strong>,</strong></span> <span class='ocrx_word' id='word_1_148' title='bbox 1477 3823 1582 3873; x_wconf 86' lang='lat' dir='ltr'>quarum</span> <span class='ocrx_word' id='word_1_149' title='bbox 1594 3810 1647 3872; x_wconf 83' lang='lat' dir='ltr'>prio</span> 
     </span>
     <span class='ocr_line' id='line_1_21' title="bbox 537 3888 1650 3952; baseline -0.013 -5"><span class='ocrx_word' id='word_1_150' title='bbox 537 3910 589 3946; x_wconf 81' lang='lat' dir='ltr'>rem</span> <span class='ocrx_word' id='word_1_151' title='bbox 601 3895 719 3947; x_wconf 79' lang='lat' dir='ltr'>Gibbouts</span> <span class='ocrx_word' id='word_1_152' title='bbox 733 3894 764 3944; x_wconf 88' lang='lat' dir='ltr'>de</span> <span class='ocrx_word' id='word_1_153' title='bbox 780 3893 937 3945; x_wconf 81' lang='lat' dir='ltr'>christodora</span> <span class='ocrx_word' id='word_1_154' title='bbox 955 3892 1072 3943; x_wconf 79' lang='lat' dir='ltr'>Thebano</span> <span class='ocrx_word' id='word_1_155' title='bbox 1126 3892 1216 3944; x_wconf 75' lang='lat' dir='ltr'>tabule</span> <span class='ocrx_word' id='word_1_156' title='bbox 1232 3891 1418 3952; x_wconf 69' lang='lat' dir='ltr'>normannis,</span> <span class='ocrx_word' id='word_1_157' title='bbox 1430 3889 1507 3940; x_wconf 80' lang='lat' dir='ltr'>altars</span> <span class='ocrx_word' id='word_1_158' title='bbox 1519 3888 1592 3950; x_wconf 84' lang='lat' dir='ltr'>paulo</span> <span class='ocrx_word' id='word_1_159' title='bbox 1608 3889 1650 3936; x_wconf 83' lang='lat' dir='ltr'>tu.</span> 
     </span>
     <span class='ocr_line' id='line_1_22' title="bbox 537 3970 1647 4040; baseline -0.01 -12"><span class='ocrx_word' id='word_1_160' title='bbox 537 3976 654 4040; x_wconf 57' lang='lat' dir='ltr'>(nuptia</span> <span class='ocrx_word' id='word_1_161' title='bbox 670 3973 770 4034; x_wconf 77' lang='lat' dir='ltr'>scilicet)</span> <span class='ocrx_word' id='word_1_162' title='bbox 791 3973 930 4025; x_wconf 75' lang='lat' dir='ltr'>maturavit</span> <span class='ocrx_word' id='word_1_163' title='bbox 948 3971 1073 4024; x_wconf 79' lang='lat' dir='ltr'>Jaaobsius</span> <span class='ocrx_word' id='word_1_164' title='bbox 1125 3974 1229 4024; x_wconf 84' lang='lat' dir='ltr'>viorest.</span> <span class='ocrx_word' id='word_1_165' title='bbox 1240 3973 1321 4023; x_wconf 81' lang='lat' dir='ltr'>codex</span> <span class='ocrx_word' id='word_1_166' title='bbox 1333 3971 1419 4021; x_wconf 81' lang='lat' dir='ltr'>melior</span> <span class='ocrx_word' id='word_1_167' title='bbox 1429 3970 1647 4033; x_wconf 74' lang='lat' dir='ltr'>esteupectandu</span> 
     </span>
     <span class='ocr_line' id='line_1_23' title="bbox 514 4047 1632 4119; baseline -0.008 -14"><span class='ocrx_word' id='word_1_168' title='bbox 514 4082 521 4100; x_wconf 83' lang='lat'><strong>·</strong></span> <span class='ocrx_word' id='word_1_169' title='bbox 537 4056 568 4105; x_wconf 81' lang='lat' dir='ltr'>ad</span> <span class='ocrx_word' id='word_1_170' title='bbox 581 4056 648 4107; x_wconf 72' lang='lat' dir='ltr'>aaut.</span> <span class='ocrx_word' id='word_1_171' title='bbox 659 4057 679 4105; x_wconf 83' lang='lat' dir='ltr'>t.</span> <span class='ocrx_word' id='word_1_172' title='bbox 693 4060 731 4116; x_wconf 81' lang='grc'>13,</span> <span class='ocrx_word' id='word_1_173' title='bbox 744 4067 768 4117; x_wconf 80' lang='lat' dir='ltr'>p.</span> <span class='ocrx_word' id='word_1_174' title='bbox 781 4058 837 4105; x_wconf 78' lang='lat'>87².</span> <span class='ocrx_word' id='word_1_175' title='bbox 855 4115 858 4119; x_wconf 24' lang='grc' dir='ltr'>ι</span> <span class='ocrx_word' id='word_1_176' title='bbox 989 4106 994 4115; x_wconf 65' lang='grc'><strong>,</strong></span> <span class='ocrx_word' id='word_1_177' title='bbox 1124 4053 1219 4114; x_wconf 70' lang='lat' dir='ltr'>nupto</span> <span class='ocrx_word' id='word_1_178' title='bbox 1229 4055 1267 4102; x_wconf 83' lang='lat' dir='ltr'>est</span> <span class='ocrx_word' id='word_1_179' title='bbox 1278 4052 1303 4101; x_wconf 87' lang='lat' dir='ltr'>at</span> <span class='ocrx_word' id='word_1_180' title='bbox 1319 4049 1408 4098; x_wconf 74' lang='lat' dir='ltr'>fabata</span> <span class='ocrx_word' id='word_1_181' title='bbox 1420 4053 1473 4100; x_wconf 79' lang='lat' dir='ltr'>xvr</span> <span class='ocrx_word' id='word_1_182' title='bbox 1484 4047 1632 4098; x_wconf 76' lang='lat' dir='ltr'>affabulatio.</span> 
     </span>
    </p>
   </div>
   <div class='ocr_carea' id='block_1_12' title="bbox 0 0 1657 5272">
    <p class='ocr_par' dir='ltr' id='par_1_14' title="bbox 0 0 1657 5272">
     <span class='ocr_line' id='line_1_24' title="bbox 0 0 1657 5272; baseline 0 0"><span class='ocrx_word' id='word_1_183' title='bbox 0 0 1657 5272; x_wconf 95' lang='lat' dir='ltr'> </span> 
     </span>
    </p>
   </div>
  </div>
 </body>
</html>
