3300 5272
319 475 365 546 90
630 495 776 545 errorum
802 494 1022 553 ncenrsrnoon

317 622 613 715 consuetudinem,
640 622 832 719 simplicem
858 633 962 718 etque
989 643 1136 694 oscena
1160 633 1329 694 remotam

317 751 423 822 ritem
449 746 642 822 incredibili
673 746 790 820 allecti
814 744 1015 841 egritudine
1047 744 1329 841 contemplabun-

319 882 387 942 tur.
417 871 536 964 ltaque
560 868 744 965 equalium
769 890 911 940 suorum
931 866 1094 965 jucundis
1127 891 1148 938 a
1174 868 1331 941 moribus

319 1014 396 1065 sese
433 1005 637 1090 erepturus,
674 1007 714 1065 ut
741 991 964 1066 durissimam
994 990 1224 1065 conditionem
1252 1013 1332 1088 per·

318 1129 533 1212 sequeretur,
581 1115 685 1188 altius
719 1117 844 1188 animis
862 1118 929 1189 iste
955 1115 1125 1190 moerebat
1168 1129 1330 1189 aestnens.

324 1271 337 1304 e
356 1243 403 1313 Ut
414 1241 502 1336 ipse,
518 1241 642 1336 inquit,
666 1262 773 1336 quam
791 1241 949 1337 plurimis
968 1241 1051 1313 vitre
1068 1239 1194 1337 prioris
1212 1238 1335 1311 errori·

319 1360 385 1435 bus
408 1362 597 1459 implicitus
616 1361 769 1455 tenebar,
796 1363 923 1461 quihus
948 1365 1027 1437 exui
1054 1387 1110 1437 me
1124 1386 1236 1470 'posse
1262 1384 1332 1435 uon

321 1485 511 1567 crederem.
527 1487 577 1559 sic
589 1487 682 1559 vitiis
694 1485 950 1560 edhaerentibus
971 1487 1209 1561 obsecundans
1219 1509 1328 1580 eram,

321 1622 356 1683 et
386 1609 627 1707 desperatione
660 1612 855 1705 meliorum,
887 1611 990 1686 malis
1017 1613 1104 1686 meis
1131 1611 1236 1686 veluti
1258 1618 1332 1710 jam

320 1736 469 1835 propriis
480 1759 522 1809 ac
533 1735 727 1809 vernaculis
742 1735 978 1809 offavebam.¹
1005 1770 1018 1803 ι
1038 1734 1217 1810 Summam
1227 1736 1334 1833 igitur

322 1884 402 1934 cum
427 1858 558 1933 videret
580 1858 674 1932 illam
704 1859 913 1934 Christianos
929 1861 1020 1934 inter
1038 1872 1141 1957 etque
1165 1853 1332 1933 Ethnieos

322 1982 429 2055 enimi
446 1980 777 2074 dissimilitudinem,
798 1982 873 2079 qui,
905 1962 1131 2057 admiratione
1152 1982 1332 2080 perculsus

321 2106 448 2198 aiebat,
477 2105 654 2205 possibilis
681 2118 734 2178 est
758 2117 856 2180 tanta
888 2107 1091 2181 conversio?
1119 2110 1282 2180 Attamen
1311 2129 1332 2181 e

320 2255 464 2306 snorum
481 2229 637 2305 moribus
651 2230 875 2328 semetipsum
886 2230 1063 2324 subduxit,
1079 2243 1115 2304 et
1133 2231 1261 2304 Caecilii
1278 2231 1332 2304 sui

321 2358 537 2432 sermonibus
561 2356 698 2445 docilis,
732 2355 912 2455 Evangelii
936 2355 1154 2453 disciplinam
1180 2357 1334 2455 suscepit

322 2482 527 2579 Christoque
543 2483 711 2576 magistro
740 2503 824 2553 usus
842 2489 907 2553 est.
930 2481 1033 2553 Hunc
1057 2503 1139 2554 vero
1158 2479 1333 2554 Caecilium

321 2630 390 2703 quo
408 2619 548 2679 auctore
576 2603 742 2678 Ecclesiae
767 2603 832 2678 suh
858 2605 1004 2702 imperio
1036 2627 1111 2677 sese
1140 2603 1334 2702 subjecerat

320 2733 370 2803 ita
383 2730 501 2820 coluit,
515 2740 554 2803 ut
564 2731 692 2804 amoris
704 2729 890 2826 singularis
900 2728 1102 2826 pignorailli
1113 2728 1259 2819 dederit,
1273 2730 1332 2826 qui

322 2853 449 2927 Caecilii
464 2855 666 2951 cognomine
681 2876 757 2925 sese
775 2855 883 2926 auxit.
902 2853 1069 2926 Sacerdos
1081 2876 1163 2926 rcro
1177 2853 1333 2928 Caecilius

324 2979 510 3051 moriturus
538 2988 577 3051 ut
602 2977 742 3074 pietatis
771 2975 900 3049 haeredi
919 2990 1022 3074 etque
1045 2976 1237 3050 dilectionis
1262 2978 1333 3051 lilio

322 3107 503 3201 conjugem
515 3124 617 3175 suam
630 3099 826 3197 liberosque
843 3100 1110 3174 commendarit.
1127 3104 1172 3176 At
1185 3126 1280 3194 rero,
1295 3115 1336 3176 ut

321 3248 414 3324 equa
435 3225 553 3300 statim
571 3222 713 3298 ablutus
734 3231 799 3312 est,
826 3222 1027 3298 fluctuantis
1052 3225 1158 3298 enimi
1184 3224 1335 3299 concidit

185 3330 266 3359 .,---
321 3351 503 3426 tumultus·
528 3352 622 3441 Quos
642 3349 736 3422 enim
764 3360 844 3445 post
873 3371 1001 3444 equam
1018 3372 1141 3423 sensus
1160 3349 1332 3444 habuerit,

324 3477 459 3549 Donato
477 3498 541 3549 sno
560 3473 684 3571 operit,
704 3471 950 3569 hominemque
969 3472 1020 3546 ita
1039 3472 1120 3546 licet
1134 3473 1227 3546 intus
1247 3484 1282 3547 et
1298 3474 1335 3547 in

325 3611 403 3674 cute
433 3599 659 3696 conspicere:
686 3599 927 3692 «Postquam,
960 3599 1020 3688 eit,
1051 3596 1151 3671 undu
1177 3596 1337 3695 genitalis

322 3722 450 3797 auxilio
465 3722 652 3819 superioris
668 3722 733 3794 aevi
746 3720 825 3794 lebe
841 3720 989 3807 detersa,
1006 3721 1044 3792 in
1061 3722 1234 3817 expiatum
1257 3744 1337 3818 pec·

325 3861 380 3921 tus
400 3869 559 3921 serenum
586 3869 626 3918 ec
652 3867 781 3940 purum
814 3843 961 3940 desuper
990 3868 1028 3918 se
1058 3845 1174 3917 lumen
1194 3843 1333 3938 inludit,

362 4187 383 4230 ι.
404 4148 677 4246 cypr}‚rpor.r,1v.
