3300 5272
533 440 680 501 sinnii
714 439 884 500 sisois
917 438 1009 497 XCV.
1270 447 1322 497 177

719 869 826 936 XCV.

590 1146 672 1211 LEO
705 1149 954 1210 AEGROTANS.

265 1525 439 1621 AEgrotans
465 1527 517 1597 leo
532 1533 566 1596 in
594 1555 671 1597 cava
693 1556 771 1622 rupe
791 1534 937 1619 jacebat,
961 1534 1058 1622 pigris
1082 1534 1173 1598 humi
1199 1535 1335 1599 extensis

220 1674 382 1737 membris.

267 1814 377 1879 Amica
393 1829 501 1878 autem
513 1813 607 1903 vulpe
623 1815 779 1896 utebatur,
796 1838 934 1904 quacum
945 1817 1072 1881 serebat
1082 1839 1254 1881 sermones.

267 1956 351 2019 Huic
370 1955 422 2020 die
436 1952 573 2043 quadam
597 1953 747 2018 «Visne»
769 1956 828 2037 ait,
851 1985 864 2011 ι
877 1957 983 2020 vivere
1008 1957 1082 2020 me?
1099 1958 1229 2020 Cervam
1249 1957 1334 2021 enim

224 2094 341 2158 ·iilam
366 2095 473 2158 esurio
494 2093 688 2157 silvestribus
713 2115 783 2182 quoe
805 2095 867 2158 sub
896 2094 980 2183 pinis
1002 2117 1211 2159 nemorosum
1236 2096 1336 2160 hocce

222 2265 235 2291 ι
250 2237 377 2301 habitat
390 2235 555 2300 frutetum.
573 2239 617 2300 At
641 2258 728 2300 nunc
748 2254 873 2300 cervam
895 2240 1044 2326 persequi
1069 2257 1135 2300 nou
1158 2236 1249 2301 valeo
1271 2258 1338 2301 am·

225 2406 238 2430 «
254 2374 347 2463 plius.
364 2376 414 2440 Tu
435 2399 513 2439 vero
538 2375 564 2439 si
584 2374 740 2455 volueris,
760 2399 845 2441 ineas
861 2376 915 2441 iiia
935 2378 1042 2441 veniet
1064 2378 1097 2440 in
1121 2400 1253 2457 manus,
1270 2399 1338 2441 ser·

223 2545 238 2570 «
253 2538 388 2579 monum
406 2514 632 2580 mellifluorum
647 2532 778 2580 tuorum
795 2518 1003 2607 circumsepta
1020 2518 1175 2583 retibus».

282 2658 372 2722 Abiit
401 2657 513 2722 dolosa
538 2658 659 2746 vulpes.
683 2661 815 2724 Cervam
842 2675 948 2724 autem
973 2677 1112 2751 agrestes
1134 2661 1217 2725 inter
1241 2646 1353 2725 saltus'

228 2798 444 2863 lascivientem
458 2799 578 2886 reperit
590 2798 681 2862 molli
698 2787 801 2887 super
809 2800 963 2888 gramine.
980 2800 1088 2882 Quam
1103 2816 1188 2865 mota
1203 2801 1340 2889 primum

226 2943 394 3006 salutatam
409 2940 529 3023 cauda,
546 2941 619 3006 dein
635 2941 776 3031 gaudere
793 2944 904 3029 jussit,
928 2944 1070 3033 dixitque
1090 2967 1125 3009 se
1140 2943 1209 3008 laeta
1225 2967 1342 3009 renun-

226 3079 380 3143 ciaturum
394 3077 513 3143 adesse.

273 3250 286 3275 ι
301 3221 366 3283 Leo
386 3219 465 3283 mihi
490 3236 539 3284 est
557 3221 726 3309 ·,inquit‚
757 3251 770 3277 «ι
785 3236 823 3285 ut
844 3221 947 3304 nosti,
964 3221 1097 3286 vicinus.
1113 3220 1200 3284 Male
1223 3220 1340 3302 habet,

227 3397 241 3422 ν
254 3367 416 3454 mortique
439 3367 617 3457 languescit
639 3368 783 3456 propior.
802 3368 881 3450 Quis
897 3368 997 3457 igitur
1015 3368 1116 3447 foret,
1139 3387 1173 3429 se
1195 3379 1341 3442 mortuo,

227 3536 241 3562 ι
254 3530 311 3570 rex
323 3507 537 3572 animantium
559 3507 770 3598 dispiciebat:
789 3532 867 3598 aper
883 3507 1018 3574 stolidus
1040 3523 1104 3589 est3
1126 3527 1218 3570 ursus
1239 3505 1341 3586 iners3

230 3920 608 3984 trochaeo.vuipistintmauusv.
620 3924 695 3983 taff.
707 3928 758 3972 tos.
812 3922 880 3971 irum
898 3920 973 3972 cadis
990 3923 1100 3972 autorem
1111 3924 1136 3971 et
1147 3920 1292 3970 uaethawm
1303 3933 1341 3970 ar·

266 4004 302 4047 11.
319 4006 348 4058 Α,
367 4002 481 4063 μαλακῆς.
500 4001 623 4051 correctio
642 4003 760 4063 μαλθακῆς
813 4004 906 4051 matum
932 4001 1027 4051 videres
1047 4021 1068 4049 ιι.
1093 4001 1200 4049 omnino
1226 4013 1341 4064 reponam

231 4090 279 4125 uon
298 4077 344 4126 iuit
360 4076 474 4128 difficilis.
492 4078 618 4129 eburicius
634 4079 658 4129 iu
677 4086 761 4130 Procu
813 4081 880 4144 quod
899 4081 982 4130 inveni
996 4080 1021 4129 iu
1039 4080 1163 4129 codicibus
1177 4078 1282 4140 duobus,
1301 4081 1342 4131 καὶ

230 4154 299 4217 pium
313 4154 328 4217 §
341 4159 371 4205 32
386 4170 393 4204 ι
410 4157 505 4218 ἤνεγκεν
523 4157 650 4222 Εὖῳρὸος,
664 4158 762 4220 ἀδελφοῦ
814 4160 933 4223 μαλθακὸν
950 4158 1075 4223 αἰχμητήν.
1096 4158 1180 4208 Dictus
1194 4161 1233 4208 esi
1254 4158 1342 4209 sicubi

232 4233 409 4294 ossuum...
423 4236 541 4298 fissf'nd'
563 4235 603 4285 οὗν
618 4237 674 4285 ἰδὼν
691 4237 762 4300 φονέα
815 4243 920 4288 Homero
939 4237 1062 4286 Menelaus
1083 4237 1199 4300 μαλθακὸς
1217 4238 1342 4301 αἰχμνμής.

232 4313 350 4360 Messium
365 4313 406 4361 καὶ
422 4314 544 4363 Masinis
556 4316 681 4380 αἰχμητήν.
698 4316 762 4366 Woi·
814 4319 844 4367 st
855 4316 986 4367 iiaeilrscus
997 4313 1117 4366 iromooet
1128 4316 1233 4379 ignotus.

233 4388 281 4439 iius
295 4389 468 4454 interpretum
477 4395 515 4443 cst
524 4393 577 4443 sic:
591 4413 603 4436 a
613 4406 671 4444 cum
682 4399 762 4444 Heus·
848 4399 885 4443 1².
902 4399 932 4454 s,
948 4392 1043 4444 Ισινσι
1056 4392 1149 4459 scripsi
1161 4393 1251 4445 busa.

1178 4515 1203 4553 12
