3300 5272
333 499 403 573 tut
645 512 791 565 crrnruu
816 513 856 562 ar
879 513 1040 564 nocrnma

329 646 424 724 ditus
451 642 653 721 innocentis
678 653 714 717 ot
746 639 964 740 integritate,
1001 641 1101 717 annis
1133 640 1347 739 simplicibus

328 768 484 847 nondum
519 777 687 860 remotus,
722 765 782 865 qui
814 789 852 838 sc
880 779 1016 839 suamet
1044 768 1225 839 sanctitate
1256 767 1344 840 tucri

328 919 431 995 possa
445 893 601 987 conlidit,
613 896 649 968 in
664 899 778 991 majus
790 892 977 965 honestatis
991 891 1174 967 discrimen
1189 894 1341 968 veniat¹.

331 1025 449 1116 «Qum
466 1020 594 1123 pudica
607 1021 758 1095 fortasse
773 1017 818 1092 ad
835 1018 1069 1116 spectaculum
1087 1032 1246 1094 matrona
1265 1045 1344 1119 pro·

327 1160 493 1237 cessarat,
523 1144 566 1219 do
593 1141 789 1243 spectaculo
819 1144 1002 1216 revertitur
1026 1143 1223 1242 impudica;
1247 1146 1343 1244 virgo

328 1298 408 1375 qum
427 1271 555 1372 pudica
580 1281 738 1361 venerat,
764 1267 942 1365 impudica
966 1264 1111 1342 discedit
1131 1279 1158 1341 ¹.
1188 1304 1205 1337 n
1231 1274 1343 1362 Quam

327 1401 422 1475 intus
449 1408 556 1493 atque
587 1395 678 1466 intra
706 1405 822 1466 cutem
844 1406 1072 1490 praeceptores
1093 1393 1141 1467 illi
1164 1395 1343 1471 christiani

326 1521 502 1597 bominem
536 1517 732 1590 intuentur!
763 1517 874 1605 Quam
902 1516 1001 1589 nobis
1026 1515 1202 1593 dilliduntl
1235 1520 1344 1597 Vehe-

326 1637 477 1714 mentius
507 1631 662 1731 quidem‚
689 1644 782 1704 caste
811 1656 892 1705 vcro
925 1634 1040 1707 minus
1062 1634 1116 1708 his
1136 1627 1340 1713 sententiam

323 1758 442 1837 vorbis
459 1756 640 1833 Salvianus
655 1759 783 1853 promit
800 1785 808 1827 :
834 1787 851 1822 α
869 1758 907 1828 lu
923 1754 990 1829 illis
1009 1759 1219 1856 imaginibus
1233 1762 1341 1836 iorni·

325 1885 471 1961 cationis
483 1880 603 1955 omnis
624 1880 723 1978 plebs
740 1883 855 1954 animo
878 1882 1088 1970 fornicatum
1119 1888 1230 1982 etqui
1252 1888 1339 1962 lorte

325 2009 368 2087 ad
388 2006 627 2111 spectaculum
642 2005 720 2103 puri
739 2018 917 2098 venerant,
939 2031 960 2079 a
980 2007 1112 2082 theatro
1125 2009 1270 2085 adulteri
1285 2037 1339 2085 rc·

324 2143 508 2207 sonantur
522 2124 552 2200 ³.
583 2131 694 2202 »Jam
716 2131 848 2202 Seneca
868 2131 927 2226 qui
951 2129 1079 2206 salubri
1094 2130 1246 2208 dictione
1269 2138 1339 2210 ele·

325 2253 612 2359 gratioribusque
627 2253 742 2326 serbis
752 2252 874 2341 utitur,
892 2255 979 2352 equi
991 2267 1106 2330 autem
1122 2282 1190 2333 non
1202 2285 1340 2359 semper

326 2381 607 2458 servantissimus
641 2379 761 2452 eadem
797 2402 909 2453 scenae
940 2405 1092 2456 romaum
1130 2384 1338 2482 exprobrare

324 2504 446 2583 solitus
466 2517 563 2579 erat:
585 2505 816 2602 «Nunquam,
839 2506 964 2603 inquit,
993 2532 1107 2582 mores
1126 2535 1213 2608 quos
1231 2514 1336 2587 extuli

322 2632 454 2725 rcloro;
474 2627 602 2727 aliquid
618 2652 661 2701 ex
677 2629 730 2701 his
748 2654 825 2727 quau
842 2630 959 2731 iugavi
977 2633 1064 2707 redit
1078 2638 1137 2706 ⁴.»

371 2754 516 2829 Illumne
545 2755 585 2825 de
619 2754 823 2849 Spectaculis
847 2754 975 2829 librum
1006 2758 1094 2831 inter
1131 2775 1233 2834 certa
1255 2764 1337 2839 fidei

319 2880 453 2976 scripta
484 2878 533 2950 ita
571 2877 764 2951 inconsulte
805 2880 934 2953 referre
971 2884 1182 2981 possumus?
1213 2890 1336 2964 Nonne

318 3003 515 3102 discrepent
531 3004 708 3077 sententiae
723 3003 742 3073 l
758 3006 882 3076 Fateor
897 3004 1077 3102 equidem
1099 3010 1222 3084 animis
1247 3037 1335 3110 pen·

317 3122 403 3199 dent
418 3123 580 3198 Baluzius
593 3138 628 3197 ot
644 3122 1043 3213 Tillemontius3inlicias
1061 3138 1143 3201 eunt
1157 3132 1334 3208 Celliarius

320 3253 564 3345 Maranusque,
593 3259 738 3346 uterque
764 3246 1060 3325 benedictinorum
1085 3252 1195 3326 ordini
1231 3279 1333 3359 coop-

318 3361 435 3467 tatus3'
453 3377 574 3475 majori
596 3377 710 3474 parti,
726 3376 892 3469 Beronio,
909 3376 1133 3468 Bellsrmino‚
1161 3383 1331 3472 Pamelio‚

318 3499 500 3577 sirmondo
510 3500 647 3599 placere
661 3497 795 3574 videtur
808 3527 895 3601 opus
909 3500 993 3577 illud
1009 3503 1186 3605 ingeniose
1200 3502 1332 3584 lactum

316 3650 386 3700 non
413 3624 605 3698 inconsulte
636 3649 658 3697 a
687 3627 847 3724 Cypriani
877 3627 1006 3702 chartis
1035 3624 1168 3728 sejungi
1192 3609 1329 3707 debere.

315 3749 401 3822 Mihi
416 3770 498 3821 vero
514 3746 596 3846 quid
613 3751 759 3820 sentiam
778 3750 925 3848 ingenue
941 3750 1053 3825 dicere
1069 3752 1182 3826 liceat.

348 3929 370 3974 1.
388 3919 462 3976 coni.
473 3919 573 3982 Nicole.
584 3925 675 3975 Emots
688 3924 719 3975 de
731 3926 844 3991 morale,
854 3928 874 3976 t.
888 3925 921 3988 X,
938 3940 964 3994 p.
978 3931 1037 3979 3⁴2.

346 4014 370 4060 2.
387 4004 526 4076 Cypriam,
540 4008 627 4071 Eptrt.
640 4005 658 4062 l,
674 4011 724 4058 rtet
737 4009 770 4060 de
784 4011 875 4063 nocta.
893 4012 992 4074 Vtrutu

346 4098 371 4143 3.
388 4087 539 4153 Salvianus,
551 4089 596 4156 Vl,
610 4095 634 4144 ³.

336 4180 363 4226 t.
378 4172 420 4226 ta
429 4173 570 4235 uacuum,
588 4173 633 4227 llll
