3300 5272
346 564 411 639 156
648 584 795 637 orrurrur
820 584 861 635 sn
884 583 1048 634 nocentur

339 713 550 788 existimat&
583 716 872 812 Unumquemque
893 723 1078 801 nostrum,
1107 713 1206 785 Plinii
1241 691 1352 804 more,

336 829 445 902 vitam
472 853 494 902 a
513 827 701 928 gemitibus
723 828 894 925 auspicari
918 839 1042 901 notat:
1065 830 1263 902 «Omnium
1286 853 1351 903 ne·

275 945 280 955 ’
336 951 429 1024 seius
447 964 484 1024 et
501 953 660 1049 ignarus,
685 949 770 1025 nihil
791 946 885 1023 eliud
908 951 1006 1023 nouit
1023 951 1058 1021 in
1080 949 1141 1021 illa
1161 952 1273 1048 prima
1294 977 1353 1025 na·

335 1073 464 1147 tivitato
486 1098 591 1173 qnam
608 1075 716 1167 llere;
735 1074 949 1172 prouidentia
963 1073 1109 1148 naturali
1129 1074 1347 1156 lamentatur.

333 1197 417 1274 vitea
447 1200 606 1275 mortalis
636 1200 829 1275 anxietates
859 1211 895 1274 et
925 1198 1084 1292 labores,
1121 1216 1155 1274 et
1186 1203 1352 1297 procellos

332 1304 549 1417 nundinum
566 1324 768 1418 inqueditun
786 1325 823 1397 in
838 1323 980 1403 exordio
993 1326 1112 1399 statim
1130 1351 1194 1399 suo
1213 1302 1348 1427 ploratu

331 1441 427 1519 mdis
452 1446 569 1519 anima
595 1456 759 1521 testatur.
783 1445 936 1522 Sudatur
962 1448 1053 1523 enim
1079 1447 1242 1546 quamdiu
1270 1449 1349 1520 istie

248 1579 250 1600 ¹
330 1569 458 1643 visitur
487 1584 522 1645 et
549 1571 767 1647 laboratur’.
791 1603 804 1639 ι
831 1572 1104 1648 Christianorum
1136 1596 1256 1646 nasum
1284 1571 1347 1646 do÷

331 1695 378 1770 let
397 1698 559 1773 omnibus
580 1700 683 1772 malis
703 1723 963 1798 oppressorum.
987 1730 1001 1764 a
1025 1702 1155 1772 Praeter
1176 1699 1290 1771 varias
1312 1706 1347 1770 et

330 1820 487 1897 assidms
523 1825 752 1899 tentationum
790 1848 948 1924 pugnas,
987 1826 1025 1899 in
1067 1825 1343 1929 persecutionum

327 1968 467 2045 quoque
485 1949 674 2022 nodamine
693 1948 901 2044 patrimonia
923 1947 1147 2047 relinquenda
1162 1961 1261 2041 sunt,
1284 1972 1348 2037 su·-

326 2068 487 2146 beuudus
512 2095 644 2164 career,
675 2070 851 2169 portandae
875 2084 1031 2162 catenae,
1061 2073 1185 2149 animes
1213 2073 1344 2168 impen-

325 2194 464 2292 dendae,
493 2194 648 2296 gladius,
674 2195 812 2287 bestiae,
833 2197 951 2294 ignes,
978 2219 1120 2289 eruces,
1141 2198 1259 2268 omnia
1285 2190 1344 2268 de·

325 2321 429 2418 nique
445 2303 694 2396 tormentorum
713 2344 754 2394 ao
774 2344 955 2418 poenarum
979 2345 1105 2420 genera
1121 2321 1190 2397 lide
1216 2334 1250 2393 et
1272 2322 1341 2393 vir·
1414 2378 1423 2395 .

323 2456 395 2520 tute
410 2439 837 2546 patientimperlerenda3.
859 2479 873 2513 a
895 2447 962 2536 Qui
988 2470 1095 2545 quum
1120 2447 1212 2519 inter
1231 2457 1285 2518 tot
1306 2458 1341 2519 et

324 2580 421 2645 tanta
435 2571 588 2649 fidelium
602 2572 707 2662 mala,
725 2574 815 2646 inter
830 2571 1001 2672 supplicia
1020 2585 1212 2670 martyrum
1230 2572 1338 2643 uitam

323 2709 415 2796 agat,
432 2720 475 2772 ex
493 2698 544 2772 eis
564 2696 771 2795 quandoque
796 2696 925 2795 figuras
943 2709 1100 2795 usurpat.
1126 2691 1277 2786 lividus,
1299 2704 1338 2766 ut

322 2823 480 2920 exemplo
496 2834 586 2916 utar,
602 2822 662 2920 qui
675 2821 793 2895 alienis
807 2822 907 2897 bouis
922 2818 1065 2909 invidet,
1085 2820 1211 2919 inquit,
1232 2842 1336 2915 quos·

321 2942 403 3018 dam
420 2947 552 3044 pectori
568 2969 632 3021 suo
643 2944 802 3018 admouet
816 2948 1003 3040 carnifices,
1016 2940 1282 3041 cogitationibus
1302 2950 1336 3012 et

321 3069 480 3144 sensibus
493 3070 565 3144 suis
586 3067 728 3142 adhibet
748 3080 882 3141 tortores
899 3072 958 3163 qui
975 3093 1009 3140 se
1024 3067 1189 3137 intestinis
1204 3064 1335 3152 crucio·

320 3194 406 3266 titos
426 3194 586 3286 lucerent,
605 3194 664 3288 qui
679 3193 788 3265 cordis
805 3203 929 3263 moreto
946 3190 1182 3263 malivolentiae
1198 3184 1334 3278 unqulis

316 3313 485 3405 pudenti.
513 3311 646 3389 Eodem
662 3310 767 3387 modo
792 3312 932 3386 Boetius
956 3311 1017 3411 qui
1040 3323 1075 3385 et
1092 3309 1210 3385 multis
1233 3304 1333 3381 malis
1452 3348 1454 3353 ·

318 3437 535 3532 interfuerat,
557 3427 778 3513 exclamare⁵
800 3464 809 3507 ε

579 3630 654 3690 Hine
664 3628 738 3688 enirn
751 3628 837 3689 libido
849 3636 931 3686 vexat

580 3718 677 3778 auidis
688 3717 772 3779 eorda
784 3717 915 3789 rouen‘m

351 3896 373 3941 t.
388 3887 706 3954 lermoennum.

346 3979 373 4025 ².
389 3976 429 4025 De
437 3975 509 4025 Bono
520 3973 672 4038 Patientia,
684 3986 708 4025 o
717 3969 772 4027 xil.

347 4063 372 4111 :t-
389 4054 503 4110 Ittdnu.

347 4144 372 4192 t.
392 4145 430 4194 lte
442 4140 498 4193 zet.
512 4142 538 4193 et
546 4138 637 4206 liuore,
647 4138 701 4192 llll.

347 4233 370 4274 e.
389 4226 428 4276 De
441 4223 544 4277 consol.
554 4223 654 4290 pillos
669 4222 713 4276 lv.
