3300 5272
328 422 374 497 76
625 446 666 497 ns
691 448 893 500 canrsrmun
916 444 1040 497 asaron

327 586 402 645 tare
415 582 441 644 ¹.
459 604 472 637 a
491 612 539 627 -
562 572 600 643 Si
614 572 753 669 quidem
772 572 817 648 ab
836 573 992 647 Ethnicis
1010 570 1164 669 episcopi
1183 566 1338 643 distincti

326 696 474 770 luissent
499 706 646 789 ornatu,
677 696 778 770 miles
803 710 896 771 certe
927 720 998 769 non
1035 716 1137 769 suum
1166 693 1338 793 Cypriana

327 818 527 917 praebuisset
570 818 825 895 vestimentum.
866 818 1124 911 Nihilominus,
1167 817 1338 891 Batonius

326 941 500 1041 quoddam
516 942 618 1016 serici
630 942 728 1016 rubri
741 942 981 1019 indumentum
997 966 1066 1040 quo
1080 966 1174 1016 nunc
1189 940 1338 1016 Romani

326 1064 532 1139 decorantur
562 1062 763 1158 cardinales,
793 1066 844 1140 illi
866 1066 997 1156 tribuit,
1026 1064 1119 1164 quod
1145 1066 1338 1165 Cyprianus

326 1211 402 1262 sese
425 1190 560 1261 lacerna
583 1190 705 1286 byrrho
720 1192 935 1285 caspoliasrc,
958 1212 1038 1263 cum
1057 1190 1168 1287 capite
1187 1188 1339 1285 plecten-

325 1309 390 1388 dus
403 1312 510 1403 foret,
527 1316 563 1385 in
584 1314 670 1387 actis
685 1313 1010 1411 proconsularibus¹
1028 1311 1167 1386 dieitur.
1181 1311 1336 1411 Byrrhus

324 1460 406 1510 vcro
421 1439 527 1512 vestis
539 1450 615 1511 erat
632 1460 738 1535 quam
752 1437 852 1512 multi
873 1435 1091 1536 chlamydem
1108 1435 1335 1535 interpretan-

325 1574 402 1655 tur;
418 1560 623 1659 injucunda
636 1564 744 1635 sancti
764 1561 914 1635 Deicolae
930 1562 1070 1655 lcyeadc
1088 1584 1194 1659 quam
1212 1571 1334 1633 octavo

323 1682 378 1759 rel
397 1710 488 1759 nono
507 1684 635 1760 saeculo
658 1683 921 1759 adscribendam
944 1708 1021 1759 esse
1040 1681 1227 1757 Bollandus
1245 1683 1334 1756 exis·

324 1810 440 1901 timat,
466 1810 626 1905 byrrhum
652 1834 749 1882 saara
779 1810 862 1884 solis
885 1808 983 1882 radio
1004 1810 1058 1881 vir
1088 1810 1167 1906 pius
1186 1806 1334 1881 traditur

324 1930 555 2029 suspendisse.
575 1933 732 2005 Ostendit
753 1956 837 2006 sane
859 1937 913 2005 Da
930 1935 1043 2027 Carya
1059 1932 1226 2031 bymhum
1245 1932 1333 2005 anti-

324 2059 440 2153 quitus
458 2056 576 2130 rufum
598 2079 658 2129 seu
676 2056 808 2129 fulvum
826 2056 1039 2156 significasse
1065 2055 1236 2129 habitum.
1255 2056 1333 2129 Cui·

324 2202 406 2252 nam
414 2180 519 2277 igitur
528 2180 582 2253 vir
592 2179 843 2254 emditissimus
857 2204 1061 2279 persuasum
1076 2203 1150 2253 cssc
1165 2180 1246 2253 velit
1260 2180 1332 2253 sin·

322 2302 431 2401 gulari
451 2302 564 2396 cultu,
586 2303 806 2378 sarientibus
828 2304 1124 2403 imperatoribus,
1153 2326 1234 2377 usos
1254 2326 1332 2377 esse

322 2428 620 2527 Carthaginienses
638 2430 846 2527 episcopos?
861 2431 908 2502 At
920 2430 1046 2502 veroin
1066 2428 1172 2501 sacris
1194 2428 1325 2525 episco-

322 2575 446 2649 porum
473 2549 566 2626 sella
587 2552 700 2626 linteis
725 2554 884 2626 exornari
902 2552 1071 2644 solebant,
1089 2553 1229 2650 quippo,
1249 2575 1330 2625 cum

321 2675 356 2747 in
372 2677 532 2772 praetorio
548 2689 640 2750 esset
656 2680 861 2776 Cyprianus,
880 2676 1004 2751 habuit
1021 2676 1128 2751 sedile
1148 2708 1162 2742 ι
1186 2677 1330 2750 fortuito

320 2797 425 2872 linteo
447 2811 589 2891 tectum,
616 2813 654 2873 ut
678 2813 712 2874 et
736 2802 801 2875 sub
825 2803 899 2876 ictu
921 2802 1091 2897 passionis
1115 2801 1331 2900 episcopatus

320 2922 450 2997 honore
467 2924 674 2998 lrueretur⁸.
703 2958 717 2990 s
742 2925 823 2998 lndc
848 2924 892 2998 ad
913 2924 1098 3024 quemdam
1111 2926 1330 2998 Donatistam

319 3048 520 3146 episcopum
532 3048 688 3122 scribens
698 3051 922 3146 Augustinus,
944 3050 1328 3147 neminiproluturasin

321 3193 459 3244 summo
469 3168 595 3246 Christi
604 3168 735 3268 judicio
751 3172 925 3244 cathedras
945 3174 1073 3245 relatas
1088 3169 1276 3244 declarat⁴.

366 3296 419 3366 Ea
434 3294 598 3368 nimirum
620 3295 764 3389 ratione,
781 3308 820 3369 ut
838 3296 1041 3395 plurimum,
1061 3294 1193 3393 vulgari
1210 3292 1327 3368 Chris·

318 3417 403 3490 tiani
417 3417 495 3492 cibo
504 3418 733 3494 vescebantur
745 3425 772 3511 ⁵,
783 3432 927 3517 excepto
942 3418 1033 3517 quod
1048 3442 1153 3515 parce
1165 3429 1199 3491 ct
1211 3418 1326 3517 fruga-

352 3752 376 3797 t.
393 3744 469 3799 Pont.
484 3744 567 3813 Dina,
579 3760 603 3799 c.
616 3760 673 3799 xm.

351 3840 375 3883 ².
393 3836 461 3883 Acta
476 3833 604 3897 cypriant
611 3832 825 3897 proconsularia,
837 3847 861 3885 c.
876 3846 904 3897 v,
915 3830 988 3901 apud
1001 3829 1120 3885 lluinart.

351 3922 376 3969 ³.
394 3914 471 3984 Apud
482 3920 607 3969 Poattaas
615 3918 763 3981 dmcoaam,
774 3934 797 3971 c.
809 3932 865 3971 rar.

351 4008 375 4050 t.
393 4002 470 4069 Aug,
484 4004 567 4067 Epist.
577 3999 666 4054 XXlll.

351 4094 375 4135 s.
393 4086 475 4151 lert,
489 4089 538 4152 Ap.
550 4085 625 4139 ssu.
