3300 5272
100 1029 109 1059 λ

574 457 628 504 νιν
647 454 810 506 mmmm
828 457 908 506 mox.
1180 442 1241 510 189

234 611 332 678 μενος,
350 584 401 651 καὶ
416 586 463 650 ότι
481 571 556 650 ωἰκί
571 584 692 662 εὔκολός
706 586 772 652 ἐστι
785 572 852 670 τῷ2
866 584 960 651 παντὶ
976 575 1056 676 μηδὲ
1068 583 1225 676 πρόχειρος

234 701 321 776 οὐδέν
342 735 372 775 τι
388 712 504 800 μᾶλλον
520 699 645 787 ε’νδοός·
669 707 758 784 Τίνος
779 709 880 802 χάριν,
896 709 965 801 ἔφη,
983 700 1115 790 διάκονε,
1136 701 1244 776 δοῦλόν

236 858 274 925 με
284 833 435 924 γεγονότα
448 832 586 923 Χριστοῦ
596 821 806 919 ε’ξωβάλλειν8
819 843 874 911 τῆς
887 831 1046 911 ἐκκλησίας
1053 837 1225 924 ριλονεικεῖς
1237 859 1246 917 ;

235 956 285 1022 ἵνα
299 955 330 1022 τί
345 949 381 1022 δέ
399 981 457 1046 μου
476 954 528 1021 καὶ
543 957 596 1023 τὸν
614 956 703 1023 τόνον
719 967 775 1035 τῆς
793 956 961 1055 προθέσεως
982 959 1162 1048 παραλόεις,
1185 945 1249 1024 Επί

237 1079 356 1155 τούτοις
373 1071 395 1144 ό
407 1069 549 1156 διάκονος
572 1079 625 1171 μὲν
645 1083 689 1171 ἐφ’
702 1076 746 1158 οἷς
765 1081 875 1170 ἔκρινεν
888 1081 991 1170 ἔμενε,
1007 1080 1059 1147 καὶ
1073 1089 1129 1158 τῆς
1144 1082 1250 1153 ἐκκλη-

239 1200 305 1280 σίας
319 1196 428 1280 ἐξῶσαι
442 1196 657 1296 παρεόιοίζετο,
679 1201 818 1295 προσθεὶς
836 1208 930 1284 οὕτως
948 1203 1060 1271 εἰπεῖν·
1083 1206 1180 1272 Οὔπω
1198 1212 1251 1298 γε·

240 1352 331 1421 γονας
348 1328 473 1405 τελειος.
489 1327 550 1392 Τὸν
570 1319 604 1394 δὲ
618 1334 770 1422 πληγῆναι
787 1353 821 1395 τε
840 1328 968 1422 ἰσχυρῶς
988 1338 1034 1415 τῷ
1053 1331 1182 1422 ρηματι,
1201 1328 1253 1396 καὶ
1325 1327 1330 1419 ’ρ

241 1457 284 1545 Ζῇ
301 1478 359 1543 μου
374 1456 390 1518 ό
403 1452 538 1542 Χριστὸς
552 1438 578 1536 ²⁸,
595 1452 699 1541 ράναι,
718 1454 735 1518 ό
751 1458 823 1529 τοὺς
845 1443 992 1541 δαίμονας
1009 1459 1218 1547 καταργήσας,
1237 1458 1253 1519 ό

242 1580 297 1649 την
320 1572 466 1665 παρθένον
491 1577 635 1652 σώσας,ό
656 1575 708 1642 τὸν
728 1568 849 1653 ἀνάξιον
876 1574 1025 1668 οἰκτείρας
1050 1578 1118 1668 ἐμέ·
1143 1580 1178 1643 οὐ
1200 1586 1255 1654 τῆς

243 1690 377 1791 προόδου
395 1708 450 1777 τῆς
466 1697 627 1776 ἐκκλησίας
642 1691 789 1790 ἀπείρξεις
805 1687 819 1727 ⁵
837 1723 886 1790 με,
905 1701 959 1764 οὐκ
973 1697 1173 1791 ἀποχωρησω
1186 1700 1257 1766 ταό·

245 1847 312 1906 της,
325 1821 350 1888 εἰ
364 1825 405 1913 μὴ
426 1823 477 1888 καὶ
492 1822 604 1901 τελειος
622 1824 766 1917 γένωμαι.
783 1824 854 1899 Τοῖς
871 1821 998 1913 ῥηθεῖσιν
1017 1816 1098 1888 οὖνὸ
1117 1813 1257 1912 διοίκονος
1328 1811 1329 1814 ¹
1381 1823 1395 1831 ’

246 1936 366 2037 σφόδρα
379 1937 745 2040 καταπλαγεὶς,γνωρίζει
760 1936 859 2012 ταῦτα
874 1952 920 2030 τῷ
935 1943 1104 2032 ἐπισκόπῳ,
1114 1946 1166 2037 καὶ
1177 1946 1259 2022 ὅπως

247 2070 301 2161 μὲν
327 2069 418 2147 αὐτὸς
441 2056 565 2146 ἐξώθει6
592 2078 648 2148 τῆς
671 2066 829 2146 ἐκκλησίας
849 2069 1044 2163 Κυπριανδν,
1071 2073 1087 2135 ό
1117 2060 1152 2136 δὲ
1179 2067 1260 2145 ἐντός

249 2199 345 2286 μίνειν
363 2193 482 2287 ήγοὶπα,
503 2195 554 2260 καὶ
577 2191 657 2284 μετὰ
675 2203 737 2261 τῶν
758 2195 993 2285 κατηχουμίνων
1019 2196 1074 2259 οὐκ
1095 2186 1178 2270 ἠξίου
1197 2219 1262 2285 χω-

250 2325 320 2406 ρεῖν,
334 2319 438 2385 ἑαυτὸν
459 2317 566 2384 ἐθέλων
585 2321 619 2384 οὐ
640 2319 751 2385 τούτου
776 2319 881 2408 μόνου,
902 2315 1051 2383 ἀλλὰκαὶ
1070 2324 1130 2383 τῶν
1146 2323 1263 2384 τελειο-

250 2452 344 2510 ποιῶν
360 2440 531 2534 μυστηρίων
547 2443 676 2535 ἐπιτόχη
699 2442 900 2535 γενέσθαικαὶ
920 2434 1014 2518 ἀξιον.
1038 2428 1067 2508 ί)
1086 2432 1121 2508 δὲ
1139 2441 1207 2535 περὶ
1228 2445 1264 2510 τὸ

251 2573 349 2632 σῶσαι
368 2561 466 2657 ψυχὴν
490 2566 709 2657 εὐτεχνότατος
727 2550 873 2654 Ᾰνθιμος,
892 2566 928 2631 τὸ
946 2569 1076 2658 πράγμα
1090 2565 1166 2632 θεῖον
1179 2566 1265 2658 ἀκρι-

253 2685 313 2766 όῶς
329 2687 529 2780 λογισοίμενος
542 2675 568 2773 ⁷,
598 2694 817 2778 μετακαλεῖται
837 2688 974 2779 τάχιστοι
996 2689 1048 2754 τὸν
1069 2689 1264 2781 Κυπριακὸν,

253 2811 305 2879 καὶ
322 2813 512 2904 κατηχάσας,
525 2808 593 2878 εἶτα
610 2811 662 2877 καὶ
675 2820 720 2898 τῷ
732 2809 801 2898 θείῳ
822 2811 1016 2902 βαπτίσματι
1037 2811 1190 2904 καθαίρει,
1216 2813 1268 2881 καὶ

255 2948 295 3030 τῇ
318 2938 371 3030 μὲν
397 2927 577 3031 ὀγδόητῶν
600 2940 720 3029 ἡμερῶν
747 2935 927 3030 ἱεροκήρυκα
950 2936 1003 3002 καὶ
1025 2929 1173 3030 ε’ξηγητίςν
1208 2945 1267 3005 τῶν
1366 2994 1368 2998 1

255 3073 310 3129 τοῦ
323 3065 462 3155 Χριστοῦ
475 3060 648 3154 μυστηρίων
663 3052 867 3146 ἀποδεικνύει,
884 3069 923 3154 τῇ
942 3058 1064 3154 εἰκοστῇ
1084 3053 1120 3126 δὲ
1137 3052 1270 3128 ὑποδιαί-

256 3212 354 3264 κονον,
373 3197 412 3278 τῇ
432 3177 467 3251 δί
488 3196 656 3280 τριακοστῇ
672 3194 737 3262 τοῖς
756 3175 909 3260 διακόνοις
925 3184 1108 3275 συναριθμεῖ.

311 3309 406 3374 Οὕτω
421 3309 526 3399 μέντοι
544 3310 719 3399 Κυπριανὸς
737 3313 839 3385 καλῶς
858 3298 986 3397 περὶτὰ
1000 3305 1082 3373 καλὰ
1097 3296 1249 3398 διεγένετο
1261 3331 1275 3390 ,·

258 3431 310 3498 καὶ
328 3434 410 3498 οὕτω
424 3428 492 3524 περὶ
506 3418 520 3458 ⁸
536 3435 592 3505 τὴν
607 3434 732 3522 πρώτην
746 3434 842 3522 όρριην
859 3433 978 3524 γέγονεν
993 3429 1102 3516 ἔνθεος,
1117 3424 1266 3523 μεμένηκέ

261 3581 295 3624 τε
309 3558 356 3624 ἐπ’
368 3558 463 3633 αὐτῆς
481 3555 556 3648 πρὸς
573 3545 717 3645 οὐδεμίαν
729 3553 877 3629 ἀνθολκὴν
897 3564 952 3632 τῆς
973 3556 1087 3648 ρόσεως
1107 3545 1275 3623 ταπεινὸνο

299 3845 322 3890 1.
340 3839 394 3897 Μὴ,
403 3838 433 3889 Β.
448 3835 517 3887 ΟΕ.
810 3842 834 3886 6.
853 3833 953 3894 Ὴώὴ,
965 3834 994 3885 Ε.

297 3931 321 3974 2.
340 3921 386 3984 Τὸ,
400 3921 428 3971 B.
811 3917 836 3969 7.
853 3919 1033 3982 Ἧγησάμενοτ,
1049 3917 1077 3969 E.

298 4011 322 4055 3.
341 4006 433 4064 Βαλεῑν,
444 4006 472 4056 Ε.
812 4009 836 4053 8.
854 4004 935 4069 Παρὰ,
951 4002 978 4053 Β.
989 4002 1018 4054 C.
1029 4001 1058 4053 E.

299 4099 324 4141 ε.
343 4090 413 4147 Θεὸς,
424 4090 452 4139 Β.
813 4094 838 4139 9.
857 4088 957 4138 Desunt
969 4088 1070 4151 septem
1077 4098 1135 4138 νοο.
1145 4087 1174 4137 B.

300 4184 324 4226 5.
341 4174 468 4239 Ἀπιίρξης,
485 4173 512 4223 Ε.
