3300 5272
546 454 673 504 stersus
699 455 739 502 nr
768 455 921 504 nonroos.
1192 436 1233 507 st

231 584 347 657 animo
370 585 471 681 quasi
491 581 680 659 ebiberent.
707 582 778 658 lllic
796 581 1022 680 gladiatorem
1036 584 1240 660 fortioribus

230 707 413 806 impletum
437 706 544 800 cibis,
565 717 604 781 ut
625 709 856 802 ordinatoria
874 730 1009 803 peccora
1027 707 1166 784 charius
1181 733 1240 808 pe·

230 837 313 908 riret
346 832 517 927 ostendit3
552 832 625 907 illic
656 834 822 928 juvenem
858 831 1013 932 depingit
1042 835 1078 906 in
1109 833 1239 908 bestias
1329 917 1330 920 Ἴ

229 971 350 1059 sponte
360 970 605 1058 pugnaturum,
623 960 704 1032 dom
714 970 838 1052 spector
849 969 959 1053 poter,
980 958 1059 1030 dum
1068 963 1175 1051 [rator
1190 973 1240 1033 eat

223 1088 267 1155 rin
279 1107 391 1171 cocco,
414 1085 495 1157 dum
510 1107 605 1156 soror
617 1094 738 1177 praelo
750 1094 814 1156 ott.

275 1210 360 1298 Quae
381 1208 520 1306 quidem
545 1206 717 1282 horrenda
741 1206 1032 1305 Carthaginiensis
1049 1207 1169 1306 populi
1189 1230 1232 1280 ac

228 1337 464 1408 Romanorum
491 1339 565 1432 jam
597 1335 634 1407 in
666 1334 804 1407 ruinam
837 1331 1080 1406 inclinatorum
1112 1331 1239 1407 edebat

227 1458 368 1532 desidia.
393 1461 482 1532 Cum
504 1482 588 1532 vero
608 1460 645 1531 in
664 1456 789 1531 studiis
810 1479 833 1528 a
852 1456 953 1530 nobis
975 1458 1090 1531 minus
1114 1457 1237 1531 alienis

226 1593 445 1655 versarentur
456 1579 578 1654 divites
594 1581 672 1670 riri,
695 1592 783 1672 tum,
804 1591 844 1653 ut
860 1577 953 1676 apud
972 1580 1129 1654 homines
1146 1603 1236 1678 qnos

226 1705 443 1803 voluptatum
472 1728 556 1779 usus
582 1728 624 1778 ac
652 1703 789 1779 luxuria
816 1704 972 1796 mollivit,
992 1704 1069 1778 fiori
1087 1703 1233 1795 assolet,

228 1831 367 1904 inanem
381 1841 486 1927 atque
506 1830 640 1904 irritam
665 1829 791 1927 saepius
812 1852 957 1926 operam
973 1826 1232 1926 impendebant-

226 1954 384 2051 Plerique
410 1954 502 2028 enim
530 1951 784 2027 contendebant
810 1955 849 2027 in
872 1953 1053 2043 cursibus,
1080 1963 1116 2028 et
1142 1951 1236 2050 qaod

226 2100 335 2175 equus
366 2076 516 2152 velocior
544 2078 667 2151 fuisset
695 2074 843 2176 gaudio,
875 2076 967 2175 qnod
996 2099 1080 2150 vero
1106 2077 1237 2176 pigrior

225 2224 372 2288 moerore
386 2200 628 2298 replebantur3
644 2223 783 2299 nempe,
800 2209 841 2274 ut
856 2222 936 2273 rere
956 2222 1137 2297 equorum,
1152 2224 1236 2298 qna·

224 2327 277 2399 vis
305 2327 343 2399 in
365 2331 484 2418 aetate,
510 2325 612 2400 decet
636 2326 777 2424 peritos,
810 2348 918 2399 nnnos
947 2325 1148 2399 memoriter
1173 2348 1235 2399 cu·

220 2448 361 2546 juslibet
397 2451 478 2547 eqni
513 2449 788 2547 pernoscebant,
834 2455 908 2547 ejus
945 2459 982 2522 ot
1010 2449 1231 2546 prosapiam,

224 2596 308 2646 avos
323 2584 511 2671 atavosque
526 2575 623 2671 ipsos
643 2573 876 2673 designantes.
897 2575 983 2662 Quae
1008 2595 1092 2647 sane
1117 2573 1236 2648 omnia

224 2696 324 2771 nobis
351 2696 532 2771 declarans
558 2700 599 2771 dc
619 2698 813 2796 spectocolit
829 2694 909 2771 libri
932 2707 1054 2771 auctor
1070 2707 1108 2772 et
1123 2698 1237 2771 otiosa

224 2833 259 2895 et
289 2824 405 2919 turpia
422 2823 561 2921 negotia
594 2845 664 2895 non
700 2820 874 2894 immerito
902 2821 1075 2918 vituperat
1091 2831 1121 2892 ¹.
1154 2823 1234 2895 lam

222 2943 281 3018 diu
308 2947 466 3043 pecunia
491 2943 652 3043 cupidam
671 2951 886 3043 jnrentutem
915 2966 1118 3042 generosam
1151 2967 1232 3019 oum

221 3070 366 3144 avaritia
388 3068 554 3168 superbia
583 3081 688 3165 atque
716 3067 878 3144 mollities
902 3067 1113 3145 invaserant.
1159 3070 1235 3141 (Ζω-

222 3200 334 3266 torum
379 3194 553 3269 civitatem
593 3204 702 3268 totam
740 3190 958 3267 delectabant
989 3193 1102 3280 mimi,
1139 3190 1234 3264 loni·

98 3295 104 3307 ⁵
222 3317 310 3414 repi,
342 3318 611 3416 prestigiatorcs
633 3338 819 3414 omnesque
833 3313 1028 3390 ludiones².
1059 3317 1130 3405 lta,
1148 3316 1233 3388 car-

221 3437 341 3537 thago,
369 3439 495 3515 ramula
522 3464 657 3515 momm
686 3461 921 3531 romanorum,
948 3438 1021 3512 otia
1052 3439 1245 3535 consequi,'

220 3562 378 3639 dedecori
410 3563 590 3656 laborem,
605 3623 616 3633 .
630 3565 752 3640 honori
784 3587 922 3638 summo
947 3561 1083 3640 divitias
1098 3575 1139 3642 ,st
1168 3585 1235 3635 ro·.

221 3686 369 3786 luptates
392 3673 550 3763 babens.
579 3689 727 3762 Gemma
751 3686 876 3762 bibunt
904 3688 1015 3782 cives,
1046 3688 1083 3759 in
1114 3686 1232 3785 pluma

256 3998 278 4044 1.
292 3992 355 4060 cap.
366 4006 394 4047 v.
408 3992 448 4046 Cl.
461 3990 583 4056 Tertull,
596 3992 630 4044 dc
642 3995 736 4059 spect,
755 4007 778 4046 c.
793 4006 869 4045 xxm.

253 4094 278 4137 t.
296 4083 387 4153 Apul,
398 4086 499 4139 florid.
513 4086 602 4139 xvltt.
