3300 5272
604 1012 786 1132 'carun
816 1050 882 1131 rv.

306 1282 309 1287 '
354 1274 1124 1332 hmmmivmhmmflismumh.

291 1764 383 1836 inter
403 1771 628 1836 monumenta
648 1783 727 1860 quae
747 1760 910 1861 Cypriani
935 1761 1028 1836 iacta
1047 1765 1178 1838 sincere
1194 1789 1252 1840 ex-

242 1879 374 1970 hibent,
394 1878 563 1975 imprimis
587 1891 668 1951 eunt
692 1891 767 1950 acta
790 1876 973 1961 laudanda.
994 1881 1252 1978 Nonnunquam

243 2005 289 2078 ab
306 2006 390 2102 ipsis
409 2003 556 2101 publicis
570 2004 714 2076 notariis
740 2015 933 2102 martyrum
953 2003 1112 2102 dictaque
1127 2018 1162 2078 et
1179 2031 1255 2104 ges·

244 2141 297 2201 tas
322 2153 378 2201 res
401 2128 585 2200 Christiani
608 2126 838 2224 accipiebant;
866 2129 991 2225 saepius
1014 2153 1108 2220 vero,
1131 2115 1252 2228 judicii

243 2265 360 2345 testes,
382 2266 456 2326 tum
467 2255 689 2350 magistratus
709 2266 782 2325 tum
796 2255 844 2352 rei
865 2253 972 2326 verba
988 2255 1114 2328 tabulis
1128 2258 1251 2331 inscri-

245 2379 387 2452 bebant.
408 2376 476 2450 Sed
498 2379 618 2473 quovis
636 2376 756 2450 habita
776 2378 891 2467 modo,
915 2403 996 2452 cnm
1016 2379 1061 2452 ab
1082 2382 1251 2478 episcopis

245 2503 532 2600 approbarentur,
559 2502 713 2575 fidelium
736 2503 935 2576 terebantur
953 2504 1128 2596 manibus,
1155 2516 1190 2580 et
1217 2507 1253 2580 in
1292 2583 1299 2594 ‚

245 2627 410 2701 Ecclesiis
430 2629 601 2701 Africanis
613 2626 667 2700 die
680 2640 880 2701 sanctorum
892 2628 998 2703 natali
1009 2631 1073 2727 legi
1084 2630 1252 2706 solebant.

244 2755 321 2825 Jam
331 2752 865 2850 priorisCyprianiconfessionis,
878 2755 1015 2843 eovivo,
1026 2756 1254 2831 Nemesianus

247 2879 430 2974 caeterique
449 2878 484 2948 in
500 2876 638 2948 metalla
654 2875 792 2950 demissi
804 2889 881 2949 acta
897 2901 1002 2950 manu
1018 2878 1156 2952 assidua
1171 2905 1251 2954 rer·

245 3001 382 3091 sabaoc,
397 3002 454 3097 qui
465 2999 510 3072 ad
529 3024 607 3073 eum
622 3001 696 3073 haec
717 3025 759 3073 ex
781 3000 931 3074 metallis
945 3004 1016 3076 suis
1036 3003 1250 3078 scribebant:

249 3156 264 3190 ι
294 3126 397 3213 Quasi
420 3124 529 3198 bonus
557 3138 592 3196 et
618 3147 717 3197 verus
739 3124 870 3214 doctor,
894 3125 977 3222 quid
1002 3151 1065 3198 nos
1092 3126 1253 3225 discipuli

245 3252 353 3322 secuti
379 3248 470 3344 apud
485 3248 666 3345 praesidem
685 3247 797 3322 dicere
810 3248 1026 3338 deberemus,
1049 3252 1143 3347 prior
1160 3253 1252 3349 apud

247 3386 326 3446 acta
346 3371 560 3469 proconsulis
589 3375 830 3469 pronuntiasti,
855 3385 890 3445 et
917 3373 1001 3446 tuba
1027 3398 1167 3464 canens,
1188 3380 1252 3449 Dei

246 3497 373 3570 milites
393 3496 591 3568 coelestibns
612 3499 717 3568 armis
738 3498 921 3569 instructos
940 3497 983 3570 ad
1000 3502 1252 3596 congressionis

246 3620 406 3718 proelium
430 3621 620 3692 excitasti¹.
648 3651 660 3684 ο
685 3619 815 3707 Quibus
843 3643 926 3692 sane
953 3622 1125 3718 prioribus
1148 3627 1250 3714 actis,

246 3759 326 3843 post
348 3766 544 3840 supremam
567 3745 692 3841 egregii
708 3745 772 3816 riri
788 3745 1054 3828 confessionem,
1071 3770 1113 3818 ea
1138 3747 1254 3822 addita

248 3881 328 3941 sunt
337 3867 663 3965 quaeetjudicinmet
671 3869 879 3965 supplicium
888 3882 1093 3944 memorant.
1106 3874 1157 3945 Ea
1169 3898 1250 3948 vcro

284 4145 304 4187 r.
323 4139 469 4189 nemorum
478 4136 517 4189 nd
529 4139 692 4204 cyprtanum
699 4137 817 4202 epistola
829 4135 898 4189 intsr
908 4135 1032 4204 cyprian.
1045 4136 1179 4191 mvnr.

1104 4233 1113 4280 1
1125 4234 1132 4281 Ι
