3300 5272
803 441 955 502 risun
985 443 1153 524 riuum
1184 445 1295 505 xivr.

818 1198 989 1259 CERVUS
1022 1199 1273 1261 AEGROTANS.

527 1578 648 1642 Cervus
669 1578 703 1640 in
720 1577 806 1642 silvis
822 1578 885 1642 cita
901 1579 1046 1643 membra
1062 1593 1194 1668 torpore
1214 1578 1383 1644 adstrictus
1396 1583 1525 1666 juncosi
1539 1584 1601 1648 alta

484 1704 568 1792 prati
584 1705 618 1767 in
637 1703 739 1768 herba
751 1704 898 1788 jacebat,
915 1701 1002 1768 unde
1014 1719 1161 1792 paratum
1183 1703 1327 1768 habebat
1343 1705 1487 1770 esuriens
1503 1706 1604 1794 pobu-

483 1824 558 1891 ium.

527 1954 600 2016 Huc
615 1966 723 2016 autem
739 1951 912 2016 veniebant
928 1952 1086 2016 variarum
1108 1973 1219 2042 greges
1242 1951 1403 2034 ferarum,
1421 1975 1495 2018 eum
1515 1953 1598 2034 ipri-

481 2071 572 2137 sendi
590 2096 684 2138 causa
698 2073 834 2162 (vicinus
851 2074 937 2138 enim
954 2090 1020 2138 erat
1032 2073 1227 2162 innocuus);
1252 2098 1384 2162 quarum
1400 2099 1599 2166 unaquoque

481 2195 591 2261 herbae
605 2197 682 2286 quid
696 2195 871 2287 decerpens
887 2197 980 2262 siivas
992 2199 1131 2286 petebat.

523 2323 583 2385 Ast
598 2343 709 2386 cervus
722 2319 830 2386 inedia
844 2322 927 2410 perit
944 2337 1140 2387 consumtus.

523 2446 627 2532 Atque
648 2445 693 2509 ita
716 2444 802 2509 fame
824 2444 1012 2527 contabuit,
1034 2467 1101 2508 non
1122 2446 1256 2529 morbo,
1289 2444 1425 2535 expletis
1448 2444 1595 2510 nondum

479 2566 603 2632 duobus
618 2568 755 2633 cornicis
767 2568 939 2648 aetstibus,
957 2567 1033 2656 qui,
1059 2568 1086 2631 si
1107 2571 1262 2634 caruisset
1280 2569 1414 2650 amicis,
1437 2571 1596 2658 potuisset

478 2690 590 2754 saltem
601 2712 775 2755 senescere.

520 2985 592 3047 Hoc
616 2984 734 3047 exserit
758 2981 885 3064 fabula,
916 2997 1069 3071 oportere
1097 3004 1167 3069 quae
1192 2981 1305 3068 quovis
1326 2979 1427 3045 modo
1442 2981 1594 3044 eveniunt

473 3104 680 3171 incommoda
696 3104 844 3194 alloquiis
861 3105 961 3170 lenire
977 3105 1109 3169 mitibus
1127 3119 1159 3169 et
1178 3120 1286 3170 enatus
1303 3103 1380 3169 inde
1396 3103 1508 3169 sedare
1521 3127 1594 3168 mo-

474 3226 592 3292 iestias.

471 3604 533 3670 ρώνη
548 3604 645 3668 Ἀνδρῶν
659 3602 787 3666 ἡβώντων·
806 3602 888 3664 ἔλαφος
897 3601 923 3650 δι’
933 3616 1004 3650 τετε·
1087 3606 1170 3662 Quum
1183 3598 1325 3649 ambulatio
1335 3600 1403 3648 nulio
1416 3597 1490 3648 modo
1500 3595 1589 3645 subulo

469 3683 621 3750 τρακόρωνος.
649 3688 755 3742 cerrus,
772 3683 879 3745 δευτέραν
897 3682 1002 3745 κορώνην
1056 3679 1194 3741 conveniat,
1216 3679 1373 3729 nonistorum
1391 3678 1476 3728 oculos
1496 3675 1588 3726 librarii

469 3763 513 3813 sris
534 3762 685 3824 ἀναπλήσας,
705 3759 813 3810 noudum
833 3759 1002 3823 duodeviginti
1055 3759 1248 3820 saitumieeisse
1262 3758 1404 3809 strebulam
1414 3757 1501 3807 saitem
1513 3768 1587 3804 uosm

469 3845 553 3891 etates
565 3842 669 3901 riserat,
681 3839 791 3889 noudum
803 3841 855 3889 erat
867 3839 999 3905 δικὸρωνος.
1053 3835 1194 3887 desiderari.
1211 3837 1304 3886 Monuit
1323 3837 1397 3886 etium
1419 3838 1508 3894 Μηνᾶς.
1531 3837 1588 3882 sen·

468 3920 538 3971 cons.
553 3920 610 3970 rub.
629 3925 670 3983 95,
685 3925 729 3982 2¹;
745 3923 771 3969 et
785 3918 957 3969 Ruhnkenium
970 3919 999 3968 sd
1054 3915 1129 3965 tentis
1139 3930 1188 3967 oon
1199 3915 1305 3966 absurda
1317 3916 1441 3966 rideretur
1453 3913 1537 3964 addito
1546 3918 1588 3961 Fa·

470 3997 601 4049 Hesiodum
614 3998 639 4047 in
648 3997 823 4049 fuisfordisns.
1054 3994 1118 4045 buioe
1131 4001 1168 4044 00.
