3300 5272
534 455 661 506 nmmos
686 454 726 502 nr
750 453 902 503 nonanus.
1181 432 1226 504 83

269 586 389 676 Quoad
407 587 483 658 lieri
505 594 652 681 poterat,
667 581 790 656 diebus
806 579 950 679 singulis
969 591 1080 654 costus
1094 580 1151 656 ille
1168 583 1232 655 lta·

221 705 380 796 bebatur,
395 704 600 802 plerumque
613 725 770 799 vespere,
791 700 960 774 interdum
973 725 1087 776 mane.
1105 707 1233 797 Prolo-

222 832 309 905 tionc
326 841 416 920 acta,
437 827 563 901 divinae
580 825 784 923 legebantur
797 825 944 917 litterae3
962 824 1084 899 deinde
1104 837 1233 926 marty-

221 978 300 1027 rum
309 954 513 1026 memoriam
524 949 751 1041 renovabant,
762 961 799 1022 et
807 972 1003 1023 sermonem
1016 948 1060 1022 ad
1069 950 1232 1047 populum

222 1078 374 1152 habebat
392 1085 555 1174 praeses1.
578 1074 821 1172 Sequebantur
838 1096 1012 1164 censuroe3
1039 1085 1114 1146 tum
1136 1097 1236 1148 sacra

221 1172 353 1275 fiebant
363 1231 373 1290 ;
398 1223 439 1273 ac
457 1198 588 1288 fideles,
606 1199 707 1295 panis
727 1199 920 1270 consecrati
941 1199 977 1269 in
996 1197 1155 1271 manibus
1181 1221 1235 1271 re·

223 1334 321 1423 cepto
342 1324 503 1417 frustulo,
539 1330 612 1421 ejus
641 1331 777 1419 partem
810 1319 995 1394 sumebant
1022 1326 1059 1394 in
1092 1321 1233 1420 templo,

223 1460 358 1547 partem
377 1447 469 1522 domi
486 1444 689 1519 deierebnnt
708 1457 750 1518 ut
767 1446 828 1542 qui
849 1469 871 1516 a
894 1446 1061 1544 mysterio
1082 1445 1242 1544 impediti

224 1586 353 1663 essent,
371 1570 583 1668 eologiorum
596 1582 713 1643 temen
725 1570 911 1666 participes
933 1569 1082 1643 forent2.
1106 1570 1237 1660 Quibus

225 1705 260 1766 ot
283 1693 471 1791 synaxibus
494 1691 667 1766 interdum
690 1690 900 1790 jungebatur
926 1715 1024 1765 coena
1044 1697 1239 1767 communis

226 1840 332 1914 quam
351 1839 483 1915 agapen
505 1817 689 1910 vocabant,
712 1829 831 1913 utpote
850 1817 885 1890 in
906 1821 1064 1910 fraternas
1085 1820 1241 1892 amicitia

227 1943 362 2040 signum
375 1941 546 2015 habitam.
565 1944 649 2015 Post
667 1963 814 2030 omnem,
836 1941 977 2039 antiquo
995 1964 1104 2032 more,
1123 1941 1240 2016 ablue-

226 2066 353 2141 bantur
376 2089 513 2158 manus,
532 2079 567 2138 et
586 2087 688 2140 sacra
708 2063 993 2140 conficiebantur.
1014 2064 1238 2164 Quandoque,

227 2190 436 2263 matutinum
452 2190 489 2263 in
502 2199 640 2285 tempus
653 2189 767 2262 diletis
781 2189 967 2286 mysteriis,
986 2166 1065 2264 lotis
1079 2190 1240 2264 manibus

229 2316 450 2410 accensisque
472 2313 663 2389 luminibus
685 2344 700 2378 α
722 2315 871 2409 quisque
890 2312 933 2384 de
952 2315 1133 2410 scripturis
1148 2337 1243 2388 senc-

229 2440 271 2511 tis
298 2438 353 2510 nel
375 2437 418 2510 de
437 2439 577 2533 proprio
597 2437 734 2535 ingenio
754 2436 1006 2533 provocabatur
1024 2439 1059 2508 in
1089 2437 1242 2511 medium

229 2566 306 2639 Deo
323 2555 484 2635 oanem3.
511 2592 525 2626 o
542 2563 631 2634 Tum
648 2560 773 2657 psalmi
785 2559 997 2634 sonabantur
1012 2562 1068 2635 vel
1082 2562 1142 2657 pia
1161 2585 1242 2634 con·

229 2688 284 2759 cio
302 2684 532 2761 habebaturl.
552 2683 684 2771 Quibus
701 2684 841 2755 tandem
852 2685 941 2756 actis
960 2685 1150 2781 gratiisque
1167 2672 1244 2757 Deo

229 2808 428 2906 persolutis,
456 2810 609 2881 convince
630 2806 835 2881 modestiam
854 2829 896 2879 ac
910 2807 1114 2904 pudicitiam
1140 2809 1241 2882 exhi-

230 2932 351 3006 bentes
366 2924 622 3007 discedebant
644 2933 683 3003 ln
697 2933 804 3004 sacris
819 2930 1002 3005 Christiani
1025 2933 1112 3024 atri,
1134 2936 1236 3007 Cons-

231 3058 352 3128 tantini
360 3056 510 3153 junioris
522 3056 646 3133 saltem
667 3067 781 3144 aetate,
796 3054 904 3128 calice
922 3055 1240 3153 productouteben·

233 3194 300 3266 tur,
316 3193 356 3252 ut
370 3180 595 3256 manifestum
610 3194 662 3253 est
679 3203 859 3254 nummos
874 3181 1022 3278 Dupuoh
1036 3180 1126 3254 edito
1142 3189 1240 3278 eujus

233 3301 306 3374 haec
320 3314 372 3375 est
387 3302 585 3397 inscriptio:

510 3464 620 3523 sutum
646 3475 805 3524 mutonis
833 3476 968 3527 missos

283 3605 370 3674 Cum
381 3624 464 3674 vero
481 3603 825 3699 saevirottempestas,
839 3603 875 3675 in
889 3605 1086 3680 carceribus
1100 3605 1145 3680 ad
1158 3601 1245 3680 con?

269 3785 293 3828 t.
310 3775 420 3844 lustin„
431 3776 508 3844 Apol.
522 3773 544 3841 1,
555 3774 652 3830 LXVII.
663 3805 698 3816 -
706 3775 827 3840 Tertull„
838 3779 913 3847 Apol.
923 3778 1036 3834 XXXIX.

269 3867 293 3914 2.
310 3858 446 3930 Cypriam,
462 3859 1075 3929 rotem.,111,dempsn‚nptstotlentvc

268 3951 292 3996 3.
310 3942 432 4009 Tertulli,
448 3945 524 4011 Apol.
537 3944 709 4003 immoto.
1196 3950 1199 3955 “

269 4031 294 4079 t.
312 4028 403 4095 Cypr„
414 4027 538 4085 odDon.,
548 4025 600 4078 sub
611 4025 673 4080 fine.

270 4120 292 4162 5.
311 4109 432 4170 tertull,
444 4111 518 4178 Apol.
528 4110 641 4164 XXXIX.
