3300 5272
329 491 392 563 tto
636 509 783 558 cirrum
807 508 847 557 sr
873 507 1032 557 oocrnms

373 638 516 713 Barbari
543 660 624 710 roro
654 637 713 733 qui
743 647 879 710 montes
902 647 939 710 et
965 635 1140 709 desertum
1162 634 1339 723 incolunt,-

317 769 418 858 juxta
442 759 740 851 consuetudinem,
760 782 852 833 anno
867 761 1009 852 CCLlll,
1030 782 1140 856 quom
1155 761 1189 832 in
1209 760 1334 837 Numi·

320 887 413 973 diam
432 888 650 984 irrupissent,
667 907 769 982 ageres
784 895 983 972 vastarunt,
1001 885 1226 982 captivosque
1246 885 1344 959 mab·

321 1024 375 1086 tos
390 1023 427 1084 et
442 1010 612 1109 imprimis
631 1007 765 1106 puellas
785 1009 822 1081 in
845 1009 1049 1088 servitutem
1071 1007 1257 1083 abduxere.
1280 1006 1334 1083 sd

321 1134 533 1231 cyprianum
550 1155 633 1230 ergo
656 1131 809 1228 episcopi
832 1128 992 1205 Numidas
1014 1133 1186 1204 miserunt
1202 1131 1343 1227 legatos.

320 1263 379 1358 qui
391 1260 440 1333 illi
453 1285 527 1333 rem
539 1272 611 1332 tam
625 1257 816 1330 luctuosam
830 1255 1083 1330 denuntiarent.
1097 1257 1334 1331 Misericordia

321 1398 529 1465 commotus,
547 1383 708 1460 Numidis
735 1384 893 1455 sestertia
919 1395 1059 1455 centum
1085 1381 1196 1455 millia
1215 1381 1331 1475 dodim

319 1536 470 1610 namque
491 1509 783 1606 Carthaginiensis
807 1506 975 1579 Ecclesiae
992 1517 1067 1580 tum
1088 1507 1239 1604 populus
1258 1519 1333 1583 tum

319 1635 445 1726 cleros,
461 1633 641 1708 collatione
661 1632 766 1722 iacta,
783 1629 894 1703 multa
907 1630 1130 1727 praebuerant
1143 1632 1151 1668 ¹
1163 1686 1172 1705 .
1186 1633 1274 1724 lma,
1290 1631 1334 1711 ad

320 1785 378 1834 eos
404 1759 528 1834 scribit
553 1757 756 1831 cohortatus
784 1767 823 1830 ut
851 1785 865 1821 s
896 1756 1032 1848 nolint,
1056 1759 1085 1829 si
1112 1756 1179 1831 talc
1206 1755 1335 1854 aliquid

319 1881 474 1970 accidat,
495 1881 650 1953 cunctari
666 1881 826 1952 nuntiare
846 1877 936 1970 hnc,
962 1901 1027 1976 pro
1046 1891 1142 1951 certo
1166 1877 1335 1953 habentos

320 2007 514 2083 Ecclesiam
533 2004 852 2102 Carthaginiensem
869 2002 1020 2077 libenter
1037 2016 1072 2077 et
1090 2003 1231 2102 largiter
1248 2002 1332 2077 sub·

318 2131 407 2206 sidia
432 2132 680 2229 praestituram.
712 2160 726 2194 s
751 2169 802 2185 -
832 2129 882 2200 lta
903 2133 976 2224 jam
1004 2127 1163 2223 captivos
1187 2128 1272 2201 suos'
1296 2127 1334 2200 in
1452 2146 1459 2167 ·

317 2254 544 2329 barbarorum
564 2251 725 2327 manibus
744 2251 897 2325 habebat
914 2251 1034 2325 Africa
1052 2250 1260 2342 Christiana,
1272 2250 1334 2325 ubi

251 2361 253 2365 ¹
317 2401 381 2477 por
403 2389 456 2450 tot
473 2401 641 2451 annorum
663 2378 790 2451 seriem
817 2379 981 2452 servitute
998 2376 1118 2451 fideles
1131 2379 1335 2476 oppressuri

318 2514 427 2577 crant.
441 2501 541 2590 Quod
558 2505 588 2575 si
604 2503 741 2575 vincula
759 2504 886 2576 nostris
903 2504 1136 2601 imponerent,
1152 2524 1335 2600 nunquam

319 2628 489 2718 Ecclesia,
512 2626 689 2701 charitatis
705 2627 828 2714 oblita,
844 2639 884 2699 ut
901 2653 982 2703 suos
998 2630 1032 2702 in
1053 2628 1249 2719 libertatem
1262 2629 1336 2703 vin·

319 2751 462 2843 dicaret,
477 2754 649 2850 pecunie,
669 2754 777 2844 curis,
794 2751 974 2828 laboribus
985 2755 1140 2852 pepercit
1151 2766 1178 2827 ².
1200 2750 1335 2844 Quam·

320 2875 440 2950 obrem
477 2901 558 2950 cum
598 2879 757 2950 victrices
797 2878 974 2955 Gallorum
1011 2878 1165 2977 legiones
1207 2879 1336 2955 Anco

318 3001 409 3098 parti
426 2999 563 3074 cuidam
578 3013 615 3073 et
631 2999 916 3096 tranquillitatem
934 3012 968 3075 et
980 3001 1174 3076 libertatem
1192 3002 1348 3077 demum·

320 3123 511 3222 praebuero,
533 3123 640 3194 animi
657 3145 740 3219 ergo
754 3122 961 3197 beneficium
980 3126 1069 3220 grati
1084 3123 1251 3221 templum
1272 3150 1345 3222 po·.

321 3259 478 3338 suerunt,
501 3270 572 3344 quo
588 3246 758 3321 memoria
780 3247 920 3319 servitio
937 3258 1177 3346 exemplorum
1200 3270 1349 3346 perman.

323 3387 420 3450 neret
433 3362 602 3472 firmaque
619 3384 655 3449 et
676 3372 824 3447 stobibs.

372 3501 425 3572 lix
440 3497 675 3596 superioribus
691 3499 751 3595 qui
771 3499 807 3570 in
821 3499 962 3596 optimis
982 3498 1146 3596 operibus
1159 3499 1236 3573 istis
1252 3508 1336 3573 aeta·

358 3735 379 3784 l.
395 3727 535 3801 Cypriani,
548 3731 635 3800 Epist.
648 3729 699 3783 LX.

355 3820 379 3867 s.
397 3810 502 3868 vtcesis
516 3811 585 3865 inter
593 3809 680 3865 multa
694 3814 804 3878 vocares
817 3826 866 3866 sur
877 3812 906 3866 lo
923 3810 1095 3878 redemptori
1109 3811 1156 3864 cles
1166 3814 1266 3880 copttfs
1277 3812 1350 3865 Μ’

322 3914 459 3967 reponeres
469 3899 577 3964 d'Alpcr
586 3903 612 3950 et
623 3898 656 3949 de
668 3900 759 3963 laub,
782 3911 844 3950 orec
857 3898 886 3949 lc
906 3898 1040 3950 tradition
1050 3898 1083 3950 dc
1100 3889 1204 3964 l’lc‘pltse
1221 3911 1290 3962 pour
1309 3897 1335 3949 lc

322 3984 499 4048 reomaenses
513 3983 579 4035 otte
593 3981 690 4034 roccae
704 3982 749 4034 cles
767 3982 876 4048 copttfs.
901 3981 977 4037 coni.
992 3984 1021 4039 et
1035 3982 1068 4034 D.
1083 3982 1156 4050 Psry
1169 3994 1200 4035 ae
1216 3981 1288 4043 Prot,
1305 3984 1334 4035 tn

322 4074 348 4121 S·
362 4072 475 4125 Joooots
486 4083 505 4120 o
513 4067 611 4120 Kalhu
621 4067 742 4129 octono,
758 4069 831 4119 1840.
840 4092 876 4131 7-
888 4067 983 4130 alueo
993 4065 1109 4130 auctr..
1123 4072 1198 4129 lm,
1205 4066 1244 4122 ,de
1254 4069 1333 4119 llu-

321 4157 368 4205 co
382 4155 589 4218 capitecensum
604 4150 832 4215 remotrctlenst.
1294 4173 1312 4207 ,ι
