3300 5272
497 463 779 512 crerurnrnreusrs
805 461 966 510 ursromr.
1191 439 1237 509 93

231 614 299 662 non
317 613 452 679 nocere,
474 587 638 687 prodesse
658 600 772 662 antem
790 609 895 685 quam
916 587 1105 685 plurimum
1118 587 1238 661 decla-

231 723 321 786 rat¹.
339 717 452 803 Quare
471 714 631 811 Cypriani
648 715 782 812 priscos
800 714 891 785 inter
914 710 1063 784 editores
1076 702 1170 784 ’unus
1190 712 1240 783 ita

230 838 395 935 praefatus
409 850 484 909 est:
508 838 650 936 cAEquo
669 838 752 910 satis
777 837 892 910 animo
915 836 1005 909 ferre
1021 816 1238 932 nequaquam
1364 914 1368 927 ¹

229 985 372 1057 possum
393 962 622 1034 recentiorum
635 960 862 1058 quorumdam
879 984 998 1034 nevam
1018 962 1167 1032 heresim
1181 960 1241 1057 qui

231 1085 362 1158 nullum
380 1086 543 1159 orationis
559 1083 681 1159 liorem
702 1096 895 1183 sequentes,
922 1096 1048 1183 putant
1070 1082 1164 1181 quod
1184 1107 1240 1157 ex·

230 1211 336 1307 polito
355 1211 543 1308 limatoque
563 1222 729 1284 tractatur
751 1209 899 1308 eloquio,
917 1210 966 1282 rei
990 1232 1098 1283 sacra
1115 1206 1241 1311 admo·

231 1331 318 1406 dunl
330 1333 483 1408 officere.
497 1337 588 1411 Nam
606 1337 636 1407 si
653 1333 885 1432 eloquentiam
902 1357 977 1408 rem
996 1332 1148 1408 mediam
1165 1355 1241 1406 esse

232 1468 440 1552 agnoscunt,
461 1466 584 1553 quaet
604 1466 697 1529 recte
712 1456 765 1528 uti
786 1466 821 1527 et
842 1453 931 1527 male
947 1477 1145 1552 passumus,
1162 1454 1239 1551 quis

231 1579 357 1651 mentis
380 1602 523 1676 compos
549 1576 662 1652 dicere
690 1576 794 1651 audet
818 1601 889 1650 non
916 1576 1039 1651 debere
1070 1576 1241 1676 dogmatis

232 1702 410 1776 christiani
427 1702 642 1800 professores
657 1703 694 1775 in
716 1699 931 1776 defendenda
956 1700 1100 1775 veritate
1126 1724 1169 1774 ea
1191 1703 1242 1774 uti

233 1850 304 1922 qua
323 1828 360 1899 in
391 1824 583 1900 extollenda
609 1826 760 1900 falsitate
788 1849 909 1899 omnes
934 1824 1033 1899 abusi
1060 1835 1142 1899 sunt
1162 1848 1242 1923 gen·

210 1949 395 2023 'tiles²?»

282 2073 436 2149 Venditis
456 2075 562 2174 igitur
576 2087 613 2148 et
626 2076 735 2149 hortis
754 2087 789 2148 et
807 2076 953 2168 caeteris,
974 2076 1082 2149 sacris
1098 2076 1244 2148 auctori-

233 2199 301 2273 bus
318 2200 513 2274 evolvendis
529 2202 699 2299 potiorem
718 2224 861 2298 operam
879 2201 1030 2294 navavit,
1052 2201 1140 2274 inter
1153 2224 1241 2299 quos

233 2324 361 2420 sapius
386 2336 422 2397 et
449 2318 634 2399 Minatium
659 2324 809 2399 Felicem
841 2336 876 2398 et
895 2324 1140 2398 Tertullianum
1166 2346 1243 2398 ver-

234 2471 310 2520 sare
328 2459 538 2523 assueverat.
564 2452 691 2525 Narrat
708 2450 939 2548 Hieronymus
965 2472 1003 2523 se
1025 2449 1243 2547 conspexisse

239 2603 253 2637 α
276 2571 464 2669 quemdam
482 2572 644 2662 Paulum,
662 2572 880 2664 Concordiae,
904 2571 998 2671 quod
1020 2574 1125 2645 Italiae
1145 2575 1243 2671 oppi-

233 2693 316 2768 dum
332 2709 408 2790 est,
429 2719 548 2770 senem
569 2697 628 2796 qui
651 2721 688 2770 se
711 2697 804 2771 beati
826 2699 988 2795 Cypriani
1011 2705 1085 2796 jam
1104 2696 1245 2794 mandis

235 2821 346 2892 atatis
369 2820 560 2909 notarium,
583 2822 759 2917 cumipse
782 2819 970 2895 admodum
998 2832 1090 2896 esset
1115 2821 1246 2895 adoles·

234 2967 337 3035 cens,
369 2947 492 3018 Romae
517 2944 644 3019 vidisse
671 2943 820 3032 diceret,
852 2946 981 3020 referre
1010 2947 1078 3020 sihi
1104 2949 1243 3021 solitum

233 3092 409 3165 nunquam
444 3070 653 3167 Cyprianum
690 3069 823 3168 absque
863 3072 1061 3146 Tertulliani
1099 3073 1243 3151 lectione

235 3216 339 3266 unam
365 3192 456 3266 diem
481 3197 687 3292 praeteriisse
716 3219 756 3268 ac
785 3195 853 3268 sibi
872 3196 994 3271 crebro
1019 3196 1133 3270 dicere
1161 3202 1245 3269 :Da

233 3317 317 3388 milti
325 3322 533 3410 mapiatrum,
543 3320 789 3394 Tertullianum
802 3318 957 3393 videlicet
970 3315 1203 3418 significaret
1226 3352 1239 3387 e

284 3442 393 3528 Quem
417 3442 580 3515 nimirum
608 3456 642 3517 et
673 3445 806 3518 Minucii
829 3444 954 3518 Felicis
987 3457 1022 3518 et
1045 3445 1244 3519 Tertulliani

234 3587 337 3636 usum
355 3562 543 3638 clarissime
570 3578 673 3664 atque
696 3567 907 3666 amplissime
935 3569 1066 3643 iudicat
1094 3567 1181 3642 liber
1206 3571 1246 3641 dc

238 3692 390 3761 Vanitate
401 3688 568 3762 idolorum
580 3713 684 3787 quem
704 3691 833 3766 referre
851 3705 986 3790 oportet
998 3692 1188 3790 adtempus
1207 3694 1245 3765 il·

272 3933 294 3977 t.
312 3926 439 3987 uetant,
451 3931 540 3981 Dicta.
555 3931 686 3987 aarum..
699 3931 731 3997 V,
747 3938 770 3985 1.

270 4027 294 4070 α.
311 4018 411 4086 venet,
425 4019 489 4072 edit.
501 4024 574 4074 1⁴8³.
587 4020 689 4076 videsis
698 4022 838 4077 Baluaium
846 4024 881 4078 ad
891 4025 959 4079 hanc
966 4025 1043 4095 epist.
1060 4025 1181 4094 primurm

271 4110 293 4153 3.
315 4105 403 4156 catal.
416 4110 459 4156 etr
470 4106 563 4174 ultast,
578 4113 619 4173 53,
632 4111 659 4159 ct
669 4111 719 4173 Bp.
728 4110 939 4175 adPaarmaclc„
953 4117 995 4163 lt.
