3300 5272
804 461 1153 521 barbulanum
1183 462 1302 533 xxxi.
1575 474 1609 520 tt

539 627 714 716 Elegerunt
745 628 841 716 igitur
867 651 984 716 genere
1008 644 1040 691 et
1064 628 1181 691 robore
1206 627 1434 716 prudentiaque
1464 631 1610 718 insignis-

496 750 612 832 simus,
635 766 667 813 et
684 751 829 839 generosi
857 751 985 838 spiritus
1010 751 1198 829 bellatores,
1217 752 1269 837 qui
1288 751 1375 839 ipsos
1399 773 1458 838 per
1482 750 1611 814 ordines

495 871 742 961 disposuerunt,
758 891 790 939 et
805 875 837 937 in
857 876 981 962 agmina
998 891 1179 962 turmasque
1194 890 1396 963 separarunt,
1415 891 1447 939 et
1461 875 1611 938 cohortes

495 996 748 1086 phalangesqne,
769 1015 807 1062 ut
823 1023 892 1063 mos
911 1016 960 1062 est
975 1001 1059 1063 iuter
1075 1000 1231 1062 homines.

542 1158 626 1245 Ergo
646 1173 816 1246 postquam
836 1158 925 1221 luere
947 1173 1062 1221 cuncta
1089 1157 1242 1247 dispositu
1263 1158 1435 1246 cunctique
1461 1157 1611 1240 adunati,

497 1299 528 1346 et
543 1281 656 1362 duces,
673 1283 814 1345 minutas
832 1305 871 1346 ex
893 1283 1030 1346 coenosis
1047 1282 1169 1345 avulsas
1185 1282 1330 1345 maceriis
1347 1280 1503 1369 illigantes
1522 1281 1611 1344 fron-

498 1407 581 1469 tibus
598 1407 703 1493 pnlens
719 1405 803 1469 male
819 1405 966 1486 inutiles,
981 1406 1226 1493 praeibantnnte
1239 1427 1368 1468 omnem
1386 1405 1613 1470 eminentiores

497 1528 757 1608 multitudinem,
783 1531 849 1614 jam
879 1529 1087 1593 mustelarum
1114 1528 1287 1616 quamdam
1313 1527 1445 1615 quidam
1472 1530 1612 1593 murium

497 1650 573 1715 forti
599 1650 735 1715 confisus
762 1668 892 1740 pectore
915 1653 1120 1741 provocabat.
1149 1660 1190 1717 At
1216 1675 1325 1716 rursus
1346 1650 1490 1741 trepidus
1508 1677 1613 1718 mures

498 1777 613 1841 invasit
627 1800 738 1865 pavor.

543 1936 649 1999 Ceteri
672 1933 804 2021 quidem
825 1934 858 1997 in
882 1957 958 1998 cava
977 1933 1055 1998 salvi
1074 1937 1283 2022 irrepserunt;
1300 1933 1396 1999 duces
1410 1959 1487 2001 reru
1504 1959 1613 2025 super·

499 2057 568 2121 lluae
581 2058 643 2121 illae
658 2058 781 2145 stipulae
798 2058 884 2122 intus
897 2080 963 2120 nou
979 2058 1128 2121 sinebant
1141 2075 1308 2146 penetrnre
1323 2059 1506 2140 foraminis,
1519 2076 1613 2148 atque

499 2184 560 2247 soli
584 2184 639 2247 hic
660 2183 722 2248 loci
744 2184 829 2273 capti
851 2198 945 2264 sunt,
962 2183 1120 2246 haerentes
1137 2183 1170 2246 iu
1189 2183 1303 2271 portis.
1326 2184 1374 2248 De
1391 2184 1431 2247 iis
1454 2201 1612 2272 reportata

497 2306 631 2369 victoria
648 2305 709 2369 fuit
722 2276 930 2392 eredtumque
951 2321 1125 2393 tropaeum,
1139 2326 1333 2392 unaquaque
1347 2303 1464 2369 ducem
1479 2307 1613 2370 mustela

501 2454 622 2494 murem
645 2431 802 2495 trahente.

544 2587 617 2651 Hoc
635 2602 746 2651 monet
760 2585 887 2650 fabula:
904 2616 917 2642 ·
932 2585 983 2650 Ad
1005 2587 1100 2650 vitam
1120 2603 1190 2651 tuto
1213 2584 1452 2675 transigendum
1470 2587 1615 2654 fortuna·

501 2744 513 2766 ι
532 2735 603 2776 rum
619 2710 810 2775 claritudine
827 2710 940 2774 melius
956 2709 1110 2774 conducit
1122 2710 1285 2774 humilitas
1299 2743 1321 2775 ι.

500 3077 580 3141 ὥσπερ
594 3076 738 3139 ἀνθρώπους.
755 3078 784 3126 El
800 3075 839 3125 tric
854 3077 913 3125 sunl
928 3073 1032 3138 duplicis
1117 3080 1154 3126 20.
1173 3081 1201 3138 Α,
1213 3077 1281 3139 μόνοι
1293 3078 1520 3131 t'tr'lmoevutrtu
1531 3087 1614 3145 μυχῶν

502 3158 648 3208 recensionis
658 3157 774 3221 reliquia.
1084 3155 1194 3220 πρόσθεν.
1203 3158 1327 3220 scriptura
1337 3163 1452 3221 corrupta
1464 3165 1509 3221 est,
1520 3165 1615 3211 senten·

535 3242 571 3288 tn.
589 3236 691 3288 videtur
708 3237 833 3288 meliorem
852 3236 903 3286 sore
920 3234 1031 3285 ordinem
1085 3234 1120 3285 tia
1131 3238 1213 3285 umen
1233 3235 1332 3298 utun.
1346 3236 1516 3300 Aristophanes
1528 3252 1615 3289 sacun-

500 3318 686 3377 sententiarum,
703 3317 819 3367 strenus
832 3316 872 3367 blo
885 3316 930 3366 Καὶ
945 3332 979 3373 τις
991 3332 1032 3379 γα·
1085 3313 1248 3364 ἀτιοίοίόλω
1260 3315 1438 3379 uoluntarii
1449 3317 1484 3366 sic
1500 3319 1615 3368 clauserit

500 3400 571 3459 λῆν...
586 3401 641 3461 post
662 3411 758 3447 versura
776 3398 901 3448 decimum
918 3396 1032 3460 quintum
1085 3406 1182 3443 versum
1209 3394 1382 3457 auapaestlcum
1408 3414 1415 3444 ι
1440 3396 1513 3453 Νάξος
1542 3399 1611 3447 ἑάλω.

501 3481 707 3542 transponeretur.
720 3482 748 3527 nt
760 3477 877 3528 irlatluis
887 3479 1032 3540 anaspum.
1086 3480 1155 3523 llum
1167 3473 1215 3524 erit
1231 3474 1336 3524 ίάλωοαν
1355 3487 1425 3538 pnou
1444 3477 1541 3539 ῑοτιίυο,
1558 3479 1613 3528 erit·

535 3566 571 3610 tt.
595 3560 657 3609 sunt
681 3556 748 3620 τείχη
775 3557 954 3620 propugnacula
976 3569 1033 3618 aun
1085 3567 1133 3617 qne
1153 3559 1292 3618 anapnrnns
1316 3555 1430 3605 seonndn
1447 3555 1527 3617 redis,
1546 3557 1613 3619 quod

500 3639 546 3689 sibl
565 3641 704 3688 struxerant
727 3649 815 3688 muros.
839 3637 882 3685 vel
905 3635 1032 3697 legendam
1086 3633 1285 3683 licentiosumit
1298 3637 1613 3698 poetanonnnsunnu.sed

500 3718 598 3781 τοίχων,
617 3720 643 3767 et
662 3718 734 3766 errant
758 3719 834 3779 τοῖχοι
857 3713 921 3764 muri
943 3713 1033 3777 quibus
1084 3713 1245 3774 etsequenu
1256 3713 1402 3762 claudicant.
1417 3720 1469 3762 non
1483 3720 1562 3776 potest
1574 3718 1614 3765 οὺ-

501 3798 550 3861 agri
567 3795 722 3858 clauduntur,
734 3792 935 3844 mroedaeluten.
1085 3793 1134 3844 τόθι
1144 3792 1223 3841 locutu
1239 3795 1331 3853 tenere,
1353 3793 1378 3841 ui
1397 3797 1444 3842 τῶν
1462 3792 1574 3855 addatur,
1589 3802 1614 3846 et

537 3883 573 3927 tu.
589 3877 698 3927 suldns:
717 3876 789 3938 φύζα·
806 3872 889 3934 δειλία,
907 3872 976 3936 φυγή.
999 3878 1032 3934 Δ,
1086 3883 1128 3934 pet
1150 3873 1253 3934 quartus
1275 3870 1317 3920 fiet
1335 3875 1489 3933 anapestus,
1510 3873 1552 3936 qni
1570 3888 1613 3937 per

501 3958 646 4019 κατειλὴοτν,
658 3955 768 4017 fortuito,
783 3957 811 4003 nt
827 3952 932 4014 ridetur,
947 3951 1034 4002 ualaud
1085 3963 1111 4001 re
1128 3948 1198 4000 valde
1212 3951 1337 4009 incanus,
1348 3951 1447 4000 ‹rmnino
1458 3951 1498 4000 bic
1507 3953 1613 4014 rejicien-

501 4037 587 4098 ductu,
605 4049 650 4100 pro
667 4035 810 4102 ιαττιλήφο,
827 4031 894 4097 quod
913 4031 1032 4096 rescripsi.
1085 4028 1132 4079 dur
1148 4032 1186 4080 est
1207 4034 1260 4091 post
1278 4029 1385 4080 ἑάλωσαν
1402 4030 1517 4080 soeundoe
1539 4033 1611 4083 sedis

503 4115 578 4165 valde
594 4115 684 4178 placuit
702 4113 788 4165 uahdo
805 4113 830 4164 id
847 4118 952 4177 tempus.
972 4111 1033 4161 vida
1085 4111 1172 4159 sanari
1197 4114 1303 4159 metrum
1323 4107 1503 4172 quodammodo
1520 4111 1613 4175 scripto

502 4194 560 4245 rab.
575 4199 643 4252 tun.
655 4200 679 4243 a.
688 4193 732 4243 vel
740 4195 779 4242 est
788 4193 874 4243 viuum
886 4192 912 4240 iu
921 4192 1032 4251 acomtn,
1085 4189 1185 4238 ιάλοοτν
1195 4190 1220 4238 at
1230 4186 1313 4236 addito
1321 4192 1377 4236 τῶν.
1388 4187 1495 4239 ruunt
1505 4190 1610 4240 multum

502 4280 526 4322 et
540 4272 668 4336 legendum
677 4271 821 4333 οατιίληφτν.
1085 4268 1180 4317 αὐτόθεν
1191 4284 1258 4330 pax,
1274 4286 1286 4310 ι
1299 4265 1379 4328 illico,
1388 4266 1517 4318 wnloetlm
1526 4289 1548 4319 ο,

538 4356 574 4402 tt.
590 4349 694 4400 suidas:
707 4350 809 4415 τρώγλη,
825 4351 842 4408 ἡ
860 4349 916 4406 ὁτιή.
935 4350 964 4398 Et
981 4360 1033 4397 ror·
1117 4351 1157 4396 2³.
1175 4347 1252 4396 nstro
1264 4346 1452 4409 (sumundum.
1464 4348 1530 4398 tdeur
1548 4363 1613 4399 meu·

502 4446 558 4481 snm
569 4429 693 4494 apporull,
714 4433 813 4479 tooure
831 4441 880 4478 uon
897 4427 1031 4477 nominato.
1085 4427 1145 4476 dnm
1158 4432 1182 4476 F.
1198 4429 1268 4486 tt,5.
1280 4424 1355 4476 nbln.

1443 4547 1465 4583 5.
