3300 5272
323 460 388 532 142
630 478 777 529 emnium
803 478 843 527 nn
867 478 1029 529 nocensne

205 698 213 717 ι
319 631 400 683 eum
410 604 511 681 divus
523 607 718 705 Cypiianus
729 618 765 679 et
776 628 857 679 vere
869 618 904 679 et
916 616 1011 680 recte
1027 604 1340 702 patientemexieti·

318 747 403 809 met.
417 735 582 832 Optimus
595 734 700 831 igitur
716 733 816 805 visin
830 733 926 805 omni
939 741 1066 806 eventu
1079 732 1144 806 Dei
1156 731 1335 829 provisum

317 872 434 949 notet,
451 870 498 950 et,
518 882 599 934 cum
615 859 651 931 in
675 858 763 932 emlo
783 870 897 933 tutum
919 882 995 931 esse
1019 870 1157 957 portum
1171 856 1335 930 humente

318 986 398 1059 vitae
417 994 528 1081 putot,
550 980 627 1055 ideo
651 982 709 1057 ille
731 1012 744 1047 ι
769 982 856 1056 nihil
883 996 1057 1080 oppetere,
1086 980 1173 1056 nihil
1198 980 1336 1057 deside·

318 1130 396 1181 rere
418 1105 613 1178 doemonio.
635 1136 650 1171 e
670 1108 724 1177 Ex
746 1129 816 1203 quo
837 1106 933 1177 litut
951 1103 1337 1202 lanpenatpattmtte

321 1235 440 1305 iontem
459 1257 471 1301 .·
491 1261 505 1295 ι
524 1229 671 1303 Ubertns
691 1236 767 1329 ejus
785 1242 821 1304 et
845 1230 985 1329 largitas
1007 1228 1050 1303 de
1068 1232 1171 1306 unius
1195 1227 1337 1327 quidem

320 1355 470 1428 numius
487 1354 583 1427 fonte
598 1352 844 1451 proficientur,
860 1354 935 1443 sed,
951 1352 1207 1427 exundantibus
1219 1355 1333 1445 venis,

319 1503 382 1577 per
401 1479 514 1553 multe
532 1479 720 1577 gloriarum
743 1480 868 1553 itinere
891 1478 1120 1574 &limitum
1144 1502 1208 1553 nee
1227 1478 1335 1577 proli·

319 1628 397 1679 cere
411 1602 540 1702 aliquid
560 1602 745 1677 inentibus
759 1605 885 1677 uostris
900 1616 1016 1701 potest
1027 1600 1073 1675 od
1090 1594 1337 1679 nonsummum

320 1728 401 1803 dam
422 1727 573 1815 laudem,
594 1728 661 1801 nisi
682 1726 762 1801 iude
780 1730 1092 1801 consummationis
1112 1726 1335 1824 accipietis·

319 1867 548 1928 mnmentum.
570 1854 737 1925 Patientia
752 1866 894 1949 estque)
906 1876 969 1926 uos
983 1856 1103 1926 Deoet
1114 1852 1340 1927 commendet

320 1988 354 2048 et
373 1988 497 2049 servet.
519 1978 596 2071 lpse
610 1987 664 2046 est
683 1996 760 2071 quen
775 1976 864 2046 imm
882 1986 1067 2069 temperat,
1085 1996 1164 2070 quae
1179 1971 1335 2069 lingum

321 2101 444 2191 frenet,
465 2112 618 2172 mentem
636 2098 820 2195 gubernet,
845 2120 969 2194 pacem
995 2096 1159 2187 custodit,
1181 2094 1336 2193 discipli·

319 2250 399 2299 nem
422 2226 532 2321 regit,
552 2221 705 2297 libidinis
726 2224 894 2320 impetum
922 2224 1071 2321 frangit,
1092 2222 1237 2296 tumoris
1258 2220 1335 2293 vio·

318 2347 459 2423 lentiam
477 2348 694 2444 comprimit,
713 2347 912 2423 incendium
928 2348 1116 2423 simultatis
1132 2347 1332 2447 exstinguit,
1404 2338 1407 2343 ’

318 2484 454 2547 coercet
468 2473 657 2569 potentiam
679 2472 839 2563 divitum,
859 2474 1011 2572 inopiam
1028 2496 1221 2572 pauperum
1240 2472 1336 2545 reio·

320 2610 391 2686 vet,
411 2608 531 2671 tuetur
543 2600 578 2669 in
593 2598 785 2694 virginibus
804 2599 943 2672 beatam
966 2600 1211 2699 integritatem,
1227 2600 1264 2671 in
1280 2598 1335 2671 vi·

321 2722 398 2797 duis
417 2723 625 2797 laboriosam
648 2724 858 2815 castitatem,
883 2724 918 2795 iu
936 2725 1128 2821 conjunctis
1146 2735 1181 2796 et
1198 2720 1335 2795 moritis

320 2843 529 2919 individuam
551 2846 768 2919 charitatem.
790 2848 889 2920 Facit
907 2848 1056 2921 humiles
1076 2850 1109 2920 iu
1137 2848 1332 2947 prosperis,

320 2968 357 3039 iu
385 2966 537 3041 edversis
569 2968 697 3060 fontes,
726 2983 848 3043 contce
876 2973 1016 3068 injurios
1046 2986 1082 3046 et
1104 2969 1335 3045 contumelias

318 3094 435 3168 mites.
452 3095 564 3166 Docet
583 3090 857 3189 delinquentibus
877 3097 947 3168 cito
974 3097 1176 3194 ignoscer03
1202 3096 1234 3168 si
1256 3093 1335 3193 ipse

318 3218 513 3315 delinques,
530 3216 590 3292 diu
607 3230 642 3290 et
658 3219 806 3292 multum
822 3244 959 3318 rogare.
980 3223 1201 3294 Tentetiones
1220 3242 1335 3317 expu-

317 3355 419 3441 gnet,
446 3341 702 3437 persecutiones
729 3344 875 3434 tolerat,
896 3347 1075 3440 passiones
1101 3358 1137 3419 et
1165 3344 1336 3444 martyiie

316 3480 604 3543 comummet¹.·
633 3510 681 3525 -
709 3472 799 3542 Ante
831 3472 950 3543 omnia
982 3471 1171 3545 notandum
1206 3483 1261 3545 est
1293 3470 1333 3545 in

318 3593 449 3692 agendo
465 3604 576 3664 totum
593 3614 669 3665 esse
688 3593 919 3689 Cypriennm3
935 3596 1156 3691 potissimum
1169 3606 1211 3668 ut
1227 3594 1334 3669 mise·

317 3744 375 3793 nos
386 3730 421 3793 et
433 3716 578 3791 consilio
592 3730 627 3791 et
638 3741 741 3814 opere
750 3725 872 3817 juvent
886 3719 1028 3794 ditiores
1039 3723 1211 3820 prmeipit.
1236 3720 1334 3795 illius

316 3853 391 3917 tum
404 3843 547 3938 scripta,
556 3852 632 3913 tum
641 3842 808 3939 epistolae,
818 3856 894 3918 tum
906 3856 984 3919 acte
994 3848 1152 3921 animum
1162 3845 1333 3921 charitate

352 4121 374 4164 t.
393 4118 431 4166 De
440 4116 656 4182 bonoputicutim
667 4118 724 4170 XX.
