3300 5272
323 489 387 559 102
628 509 774 559 emeram
799 509 1020 569 sccmsmooa

318 639 516 710 ttaooruma
537 634 770 725 Quamobrem
785 634 948 733 prudens,
963 660 999 710 se
1018 639 1090 711 suis
1107 650 1316 730 seruaturus,

289 811 292 817 ·
319 759 444 833 Christi
459 759 601 834 consilio
613 760 869 856 obtemperans,
887 764 1117 835 secessionem
1132 763 1234 855 fecit3
1250 786 1318 861 quo

318 883 424 974 facto,
444 894 484 957 nt
500 883 637 959 uidetur
645 894 673 969 ²,
690 884 909 982 sycophantia
928 888 986 983 qui
1007 911 1087 960 oum
1109 888 1319 961 infirmitatis

319 1020 516 1107 arguerunt,
532 1032 634 1082 ansas
649 1009 808 1105 praebuit,
821 1009 903 1083 dum
914 1010 996 1084 boni
1013 1013 1230 1111 imperatoris
1242 1035 1320 1085 mu·
1453 1092 1455 1099 Α

318 1156 383 1206 nus
410 1145 601 1221 exsecutus,
624 1156 764 1207 suorum
794 1133 895 1208 saluti
912 1134 1126 1232 provideret.
1157 1137 1318 1231 Episcopi

317 1258 481 1330 nimirum
501 1256 602 1330 multi
620 1258 764 1355 uestigia
786 1261 974 1347 consecuti,
1003 1262 1163 1357 projectis
1181 1260 1317 1356 opibus,

317 1379 438 1454 urbem
448 1365 640 1473 deseruere,
653 1391 756 1478 atque
772 1381 870 1454 Decii
882 1381 928 1455 ab
935 1383 1051 1479 impiis
1055 1383 1161 1478 jussis
1172 1380 1320 1456 declina·

316 1515 409 1595 runt,
427 1514 549 1602 sponte
564 1503 648 1577 lacti
665 1515 827 1577 extorres.

365 1625 738 1717 Quemucroadlocum
750 1650 826 1702 sese
839 1627 1241 1725 receperitambiguum:
1259 1627 1320 1700 ab·

316 1775 395 1825 sens
408 1774 500 1842 vero,
511 1762 550 1823 ut
565 1752 626 1842 ait,
638 1773 792 1848 corpore,
809 1774 873 1824 nec
887 1763 966 1825 actu
979 1775 1042 1826 nec
1058 1752 1197 1824 monitis
1211 1750 1321 1825 deluit
1420 1842 1424 1851 Ι

231 1901 236 1914 ·
317 1877 500 1975 quominus
525 1878 597 1949 suis
622 1869 852 1949 consuleret3.
871 1880 959 1950 Tum
985 1877 1186 1973 episcopum
1218 1898 1320 1949 suum

317 2001 484 2099 Carthago
502 2000 688 2073 christiana
701 1998 912 2091 desiderare;
929 2022 1077 2096 namque
1089 1998 1233 2073 oonsilio
1246 2021 1321 2095 ege-

318 2124 391 2215 bat,
413 2149 492 2200 cum
506 2125 653 2198 inimicis
678 2123 845 2197 obsistere
876 2123 1016 2197 dillicile
1038 2133 1141 2196 esset.
1167 2122 1320 2196 Salutem

318 2250 410 2323 eninr
425 2252 485 2347 qui
499 2249 581 2347 lugo
593 2273 662 2322 non
675 2249 857 2346 petierant,
873 2247 922 2320 illi
935 2247 990 2321 vel
1002 2245 1068 2319 diis
1086 2246 1321 2319 sacrificarent

316 2358 1318 2471 oportebat,vellibellaticivitarentpericulumproditione,

316 2495 371 2570 vel
385 2495 429 2568 ad
448 2496 610 2570 ultimum
623 2495 828 2592 supplicium
842 2494 1073 2568 truderentur.
1085 2497 1218 2590 Nempe
1234 2496 1321 2567 Car-

318 2618 492 2716 thaginem
512 2619 733 2716 magistratus
752 2640 942 2715 regressus,
966 2641 1034 2692 non
1048 2626 1135 2717 jam,
1155 2622 1248 2690 velut
1262 2640 1322 2689 ao-

316 2757 385 2834 tea‚
420 2765 507 2838 quos
532 2767 553 2815 a
575 2741 741 2814 militibus
768 2754 888 2838 captos
917 2743 952 2813 in
977 2743 1177 2838 praetorium
1204 2728 1318 2828 vocat,

316 2868 377 2941 eos
390 2865 434 2939 ad
446 2865 604 2939 exsilium
622 2877 681 2939 aut
701 2864 744 2938 ad
766 2865 904 2937 vincula
920 2864 1097 2951 damnare,
1115 2864 1176 2938 scd
1192 2865 1229 2937 in
1241 2886 1320 2938 cru-

252 2990 254 2994 ’
318 2993 428 3066 clatus
445 3002 480 3063 et
497 2988 540 3062 ad
556 3002 703 3063 mortem
718 2988 801 3061 dare
816 2989 1048 3063 inexorabilis.

365 3118 463 3189 Prior
487 3112 626 3213 quidem
648 3112 715 3186 hac
743 3135 860 3185 rerum
881 3125 1085 3210 tempestato
1113 3109 1193 3184 fidei
1216 3133 1322 3184 causa

318 3253 465 3315 mortem
479 3238 607 3313 obiisse
617 3236 832 3333 lllappnlious
846 3234 1048 3311 Numidam
1060 3233 1225 3308 kalendas
1240 3234 1321 3306 maii

319 3365 465 3457 uidetur,
496 3366 555 3462 qui
584 3363 619 3435 vi
644 3372 895 3434 tormentcrum
921 3359 1053 3434 efflavit
1080 3360 1246 3432 animam.
1278 3358 1324 3431 Hi

321 3487 460 3587 quidem
478 3511 583 3583 nervo
596 3487 649 3561 uel
667 3486 763 3584 tigno
782 3486 936 3578 pedurio,
962 3485 1068 3556 variis
1094 3482 1144 3554 illi
1166 3482 1324 3555 cruciati·

317 3614 397 3704 bus,
425 3612 517 3685 fame
540 3609 699 3707 permulti
725 3609 920 3705 perierunt;
944 3606 1087 3705 quidam
1110 3617 1224 3680 autem
1253 3606 1323 3677 siue

317 3733 487 3836 lapidibus
501 3733 629 3825 obruti,
649 3733 712 3804 sivi
732 3730 932 3805 circumdati
952 3731 1091 3830 ignibus
1105 3732 1205 3803 ocius
1219 3728 1324 3802 exha-

353 4000 375 4044 ι.
393 3994 477 4059 aper.
491 3987 577 4042 max.

349 4085 374 4128 2.
392 4077 475 4141 rpus.
487 4073 576 4125 xum.

349 4165 374 4211 a.
393 4160 479 4225 apat.
493 4156 560 4209 xiv.
