3300 5272
691 514 863 564 rnmrarro.
1239 499 1281 569 15

275 655 458 716 sanctorum
481 665 531 712 res
553 652 656 728 gestas
689 643 872 728 explicabit,
898 643 1016 727 ingenii
1040 645 1161 729 proprii
1190 647 1281 731 sigua

276 761 449 825 clarissima
465 758 620 825 invenies.
638 758 718 824 Cum
731 756 786 820 illc
798 755 833 821 in
850 756 1027 842 primorum
1044 757 1185 822 coelitum
1205 758 1281 825 ritis

275 875 447 954 incumbit,
463 872 579 939 vividis
595 872 786 956 templorum
799 889 819 936 a
831 871 944 936 coaevis
965 873 1033 957 suis
1053 871 1282 955 aedilicatorum

276 989 438 1055 coloribus
448 997 481 1055 et
490 985 654 1074 splendide
667 985 872 1072 supervacuis
881 986 1048 1051 ornatibus
1068 988 1181 1052 utitur.
1192 989 1282 1054 Alter

277 1100 366 1165 urbis
381 1100 592 1185 imperatoria
601 1099 752 1182 virgines,
771 1105 807 1162 ut
824 1116 896 1180 quae
915 1096 949 1162 in
963 1100 1070 1181 parvis
1088 1098 1281 1183 Burgundiae

280 1215 357 1280 vicis
378 1224 435 1282 aut
456 1217 540 1279 inter
559 1207 737 1300 Campaniae
758 1213 887 1279 colonos
904 1214 999 1278 tertio
1018 1213 1141 1278 decimo
1165 1214 1282 1280 seculo

278 1330 425 1406 vixerint,
436 1329 517 1395 solet
530 1328 696 1408 exhibere3
714 1329 794 1393 alter
806 1328 965 1393 nascentis
978 1326 1123 1394 Ecclesiae
1139 1336 1282 1414 pastores

278 1445 363 1509 baud
373 1444 466 1509 aliter
474 1443 618 1530 depingit
629 1450 725 1527 ablue
733 1440 992 1527 opulentissimos
1001 1460 1039 1506 ac
1047 1443 1282 1527 potentissimos

278 1557 409 1643 hujusce
434 1558 586 1642 temporis
605 1559 783 1641 episcopos.
810 1558 857 1621 Ex
882 1574 949 1640 quo
972 1554 1010 1620 fit
1033 1555 1139 1621 utvir
1158 1565 1283 1623 sancet

277 1679 368 1737 aetam
381 1673 538 1756 posterior
552 1679 585 1736 et
599 1670 745 1737 doctriua
764 1671 919 1754 eminens,
937 1672 1095 1737 Bmonius
1114 1670 1279 1755 nimirum,

277 1786 473 1869 cyprianum
488 1792 636 1851 nostrum
655 1793 689 1851 et
707 1804 853 1871 purpura
873 1793 906 1851 et
925 1793 1011 1851 veste
1026 1785 1143 1870 quibus
1158 1786 1283 1852 romani

240 1906 247 1919 '
277 1899 452 1965 cardinales
467 1898 647 1966 induuntur
665 1900 759 1966 nobis
772 1907 962 1965 exornatum
974 1901 1121 1966 declaret.
1137 1901 1284 1967 Attamen

278 2012 339 2077 sub
362 2014 407 2078 eis
430 2016 615 2081 commentis
633 2019 685 2078 vir
705 2015 785 2081 benc
802 2016 947 2082 comatus
967 2015 1106 2099 reliquas
1125 2017 1284 2103 primave

278 2128 491 2212 simplicitatis
510 2131 600 2213 sigua
616 2135 722 2214 potest
734 2130 885 2214 aspicere,
901 2130 984 2194 sicut
997 2149 1014 2194 e
1029 2129 1157 2216 scriptis
1170 2131 1283 2212 Quinti

277 2243 379 2307 Curtii
390 2262 426 2307 ac
436 2243 601 2308 Plutarchi
615 2262 710 2308 verus
726 2243 901 2309 Alexander
914 2244 1111 2330 intelligitur.
1124 2247 1196 2310 Jam
1205 2264 1297 2334 vert>¹

278 2355 421 2424 iisancti
434 2359 657 2444 vulgatissimi,
679 2378 819 2446 quorum
837 2359 981 2427 videlicet
1002 2362 1087 2443 vitae,
1109 2381 1217 2427 rerum
1229 2361 1282 2449 ip-

278 2481 377 2539 samet
387 2482 515 2557 natura,
531 2477 645 2561 saepius
657 2476 881 2556 narrabantur,
894 2476 1048 2560 vestibus
1063 2483 1100 2542 nt
1111 2477 1156 2542 ita
1167 2475 1286 2557 dicam,

278 2585 452 2655 ditioribus
466 2590 624 2674 imprimis
641 2590 843 2656 decorantur.
860 2592 926 2669 Sic,
943 2591 1080 2676 exempli
1095 2590 1210 2675 gratia,
1228 2592 1283 2655 Se-

278 2702 414 2768 bastiani
426 2710 459 2770 et
470 2704 647 2771 Gatharinae
661 2713 731 2771 acta
748 2706 845 2771 sacris
857 2715 889 2772 et
906 2708 1005 2788 poetis
1022 2712 1054 2771 et
1075 2704 1284 2791 scriptoribus

278 2817 370 2901 quasi
382 2818 508 2884 dicendi
518 2828 705 2902 argumenta
716 2827 748 2885 et
757 2821 891 2885 canendi
903 2819 1042 2886 materiae
1051 2821 1193 2885 fuerunt.
1205 2817 1284 2886 Inde

278 2931 317 2995 lit
330 2939 367 2996 ut
378 2933 460 2998 inter
473 2933 640 3002 frendeant
652 2935 740 3001 illam
753 2934 938 3002 chartarum
949 2937 1074 3021 sylvam
1092 2936 1196 3020 prisca
1211 2955 1285 3001 eva-

279 3049 385 3113 unisse
396 3047 582 3135 videantur,
598 3052 849 3135 elingeuuorum
859 3051 929 3116 loco
942 3051 1100 3117 librorum
1117 3058 1284 3116 exornatas

278 3181 315 3228 ac
332 3165 535 3231 suavissimas
555 3166 728 3232 habeamus
750 3169 965 3231 enarrationes
980 3184 1051 3249 quae
1066 3166 1284 3230 scholasticam

278 3279 555 3363 amplificationem
570 3283 667 3362 olent,
687 3300 823 3366 quaeque
846 3279 1117 3367 disputationibus
1143 3280 1286 3365 philoso-

280 3393 380 3476 phicis
392 3401 425 3459 et
434 3396 618 3479 theologicis
633 3403 830 3482 occupantur
845 3394 1085 3480 questionibus.
1102 3395 1213 3478 Itaque
1228 3397 1284 3459 Se·

279 3511 442 3577 bastianus
461 3513 636 3577 moriturus
651 3511 692 3578 de
706 3512 804 3577 variis
826 3512 920 3594 longe
938 3510 1065 3574 disserit
1075 3529 1113 3574 ac
1125 3511 1285 3595 praecipue

275 3626 483 3709 judiciarium
497 3628 703 3710 astroloqium
716 3626 874 3691 curiosius
887 3623 1041 3690 confutat.

327 3773 340 3796 ·
366 3742 505 3827 Pracipe
520 3741 615 3807 hodia
636 3739 678 3808 ad
691 3749 724 3806 te
743 3740 893 3807 mathesis
917 3740 1028 3805 venire
1046 3739 1211 3807 doctorem
1230 3739 1284 3806 cui

279 3855 367 3922 dicas
390 3857 447 3926 illo
467 3864 609 3942 tempore
632 3864 664 3922 te
687 3857 809 3942 asperis
833 3854 960 3922 casibus
985 3855 1157 3938 laborasse,
1181 3862 1214 3921 et
1234 3855 1286 3920 in·

281 3973 373 4055 quire
393 3992 453 4058 per
468 3972 673 4058 quas'stellas
690 3972 752 4037 hoc
771 3972 830 4037 tibi
851 3972 992 4037 evenerit
1015 3971 1110 4054 mali3
1131 3989 1284 4056 responsu

280 4085 348 4171 ejus
367 4096 476 4175 erunt,-
492 4085 739 4175 procutff‘vssdnhio
771 4088 869 4152 talia:
890 4085 979 4171 quod
1003 4094 1128 4170 tempus
1149 4092 1244 4151 tunm
1265 4107 1284 4150 a
