3300 5272
562 484 614 533 κει
632 422 800 532 mrumst
817 481 897 529 οισι.
1168 474 1234 546 185

221 616 297 710 ἔγνω
317 615 370 682 τὸν
392 605 446 680 διὰ
466 622 561 680 τοῦτο
581 603 620 688 δὴ
635 612 687 679 καὶ
704 611 875 705 γενόμενον,
889 608 914 677 ιί
932 617 1029 679 πᾶσαι
1047 604 1234 708 παρθενεύειν

221 738 416 833 προειλοντος
431 736 530 806 Πόθεν
548 731 582 804 ἃν
599 735 758 804 ἐτίκτοντο
775 727 894 821 παῖδες,
910 737 946 803 τὸ
961 742 1052 804 πᾶσιν
1068 739 1236 832 ἀνθρώποις

221 855 282 940 ήθὺ
305 862 554 956 παραρύθιον,·θ
580 871 636 928 τού
662 857 746 929 κατὰ
773 862 877 953 μικρὸν
902 861 1098 949 ἐκλείποντος
1120 866 1236 952 κόσμου

133 975 135 987 ί
222 981 417 1073 ἆναζύωσιςς

278 1112 406 1178 Τούτων
425 1109 587 1176 ἀκούσασα
605 1117 666 1175 τῶν
679 1107 782 1201 λόγων
806 1093 950 1184 ἐούστα’,
969 1113 1004 1177 ού
1024 1109 1064 1178 τὰ
1085 1122 1140 1191 τῆς
1160 1140 1239 1206 προ.

226 1243 361 1329 ριητορος
388 1232 545 1325 ὑπέμεινεν
573 1233 668 1311 Βόας,
688 1232 756 1299 ἀλλ’
781 1232 866 1311 εὐθὺς
888 1226 1088 1319 ἐξανίστατο,
1110 1238 1163 1304 καὶ
1187 1238 1239 1306 τὸν

170 1434 173 1439 ,
226 1362 359 1455 πονηρὸν
375 1353 502 1438 ἐξέκλινε
528 1352 715 1450 σύριύουλον,
737 1357 801 1424 ὅθεν
817 1358 854 1424 τὸ
875 1357 999 1435 συνηθές
1019 1358 1114 1428 ὅπλον
1130 1363 1166 1429 τὸ
1184 1372 1240 1429 τού

228 1494 362 1578 σταυροῦ
380 1488 504 1574 σημεῖον
525 1481 624 1574 ἄρηαι
642 1468 717 1547 καὶ2
732 1482 803 1547 κατ’
821 1484 939 1548 αὐτοῦ·
958 1482 1010 1548 καὶ
1025 1488 1041 1550 ύ
1056 1487 1110 1577 μὲν
1125 1484 1242 1554 πλείονι

229 1616 290 1675 τῶν
318 1602 420 1673 ἄλλοιν
458 1602 652 1699 μεγαλαυχίᾳ
685 1597 887 1695 σεσούημένος
901 1657 922 1691 ,.
942 1605 1070 1675 πλείονα
1105 1610 1157 1678 καὶ
1184 1613 1242 1685 τὴν

229 1730 373 1822 αἰσχύνην
388 1730 466 1820 ἔχων
481 1728 565 1806 εὐθὺς
581 1720 776 1805 ἐξηλαύνετο.
796 1730 883 1801 Αὐτὴ
905 1719 940 1796 θέ
964 1731 1055 1798 παλιν
1079 1740 1148 1812 ταῖς
1167 1734 1243 1827 πρὸς

229 1855 307 1922 Θεὸν
326 1858 427 1945 εὐχαῖς
442 1853 494 1921 καὶ
513 1842 650 1926 θεύσεσιν
673 1853 784 1925 ἑαυτὴν
802 1848 1032 1944 ἀνελοίμύανεν·
1053 1855 1103 1923 ἐπὶ
1121 1859 1244 1935 τούτοις

230 1985 247 2047 ό
265 1976 305 2047 τὰ
320 1981 441 2073 ριιγαλα
452 1964 574 2071 ρυσῶν8
584 1977 727 2055 ταπεινὸς
746 1977 829 2068 ὤρθη
846 1981 1025 2070 Κυπριανῷ,
1038 1980 1090 2046 καὶ
1104 1974 1245 2075 σύριύελα

231 2113 313 2195 σαρῆ
332 2112 389 2180 τῆς
407 2104 501 2178 ἥττης
519 2103 615 2193 ρι’ρων
631 2100 682 2166 ἐπὶ
703 2109 757 2177 τῆς
774 2097 884 2189 ὄψεως·
903 2105 932 2166 0
949 2093 999 2169 δὲ·
1020 2103 1084 2170 Καὶ
1102 2109 1118 2170 ό
1135 2113 1244 2172 τοσοῦ-

232 2226 404 2317 τος,.ἐρη,
432 2228 546 2303 τὸτῆς
573 2214 698 2291 τοιᾶσδε
726 2223 817 2315 κόρης
836 2224 1038 2309 ἡλάττωσαι,
1063 2215 1125 2304 εἰςἰ
1153 2226 1185 2294 τί
1209 2219 1245 2294 θέ

232 2351 326 2424 ἐκείνη
339 2338 361 2378 ⁵'
368 2351 405 2417 τὸ
420 2349 536 2440 θαρρεῖν
555 2349 679 2440 ἔχουσα,
696 2345 816 2440 μεγάλα
827 2357 957 2414 τοιαῦτα
973 2346 1057 2416 κατὰ
1071 2357 1132 2415 τῶν
1150 2352 1243 2446 μεριξ·

217 2479 291 2542 Ιλων
311 2479 394 2565 ὑμῶν
417 2466 567 2557 θύναταις
590 2472 672 2539 Τότε
694 2476 710 2538 ό
730 2462 849 2561 θαίριων
877 2461 955 2562 (θεία
975 2464 1011 2540 θέ
1027 2469 1062 2547 ἦν
1088 2472 1246 2553 πόντωςὴ

232 2609 356 2666 κινοῦσα
375 2589 503 2689 θύναριις
516 2598 629 2689 έκρορα
645 2606 745 2662 ταῦτα
763 2602 860 2663 ποιεῖν
878 2598 931 2665 τὸν
948 2606 1003 2676 τῆς
1027 2597 1169 2677 ἀληθείας
1192 2599 1247 2666 οἱν-

232 2715 394 2810 τίπαλον)·
418 2722 489 2811 Ούχ
506 2722 714 2812 ὑπομένομεν,
729 2721 803 2809 ἔφη,
823 2721 933 2789 τὸτοῦ
956 2733 1090 2814 σταυροῦ
1109 2730 1247 2815 σημεῖον,

233 2836 304 2912 οὐδὲ
327 2845 419 2936 μόνον
438 2835 512 2910 ἰθεῐν
535 2843 740 2934 τυπούμενον,
761 2838 842 2909 ἄλλοί
864 2832 1039 2937 ρθοίνοριενο
1060 2844 1120 2913 οἱνὰ
1136 2846 1248 2940 κρότος

234 2970 398 3061 φεύγοντές
419 2991 454 3033 τε
470 2965 523 3032 καὶ
541 2957 758 3057 διωθούμενοι,
778 2965 848 3050 πρὶν
867 2964 886 3040 ἢ
906 2967 1027 3046 τελείως
1051 2971 1127 3036 αὐτὸ
1143 2995 1250 3037 τυπω-

234 3092 334 3166 θῆναι.
354 3091 460 3168 Πύσης
481 3089 614 3184 ἀνάγκης
628 3086 664 3160 ἦν
684 3090 719 3156 τὸ
738 3098 839 3156 ταῦτα
852 3087 1022 3180 ἐκκαλύψαι
1038 3093 1090 3159 τὸν
1107 3101 1164 3159 τοῦ
1175 3087 1249 3181 ψεύ-

236 3207 309 3294 θοος
324 3215 457 3306 πατέρα,
472 3214 523 3281 καὶ
539 3224 594 3291 τῆς
613 3215 722 3291 κακίας
741 3204 926 3308 δημιουργόν
955 3241 989 3283 τε
1014 3215 1066 3282 καὶ
1088 3208 1250 3306 πρόξενον,

1039 3326 1053 3370 ⁷
1071 3341 1168 3417 οὕτως
1190 3338 1251 3406 ὑπὸ

238 3342 318 3404 ὥστε
336 3328 425 3404 ούθέν
441 3339 576 3403 ἔλαττον
590 3329 704 3428 ὑπῆρξε
723 3336 826 3428 θαύρια
845 3347 899 3404 τού
917 3341 1027 3405 ἐκεῖνον

210 3515 213 3519 ,
237 3464 328 3553 κόρης
348 3456 602 3545 καταύληθῆναι,
624 3460 662 3525 τὸ
680 3463 735 3532 την
760 3450 841 3526 ἐθίαν
862 3464 962 3553 ἧτταν
986 3458 1180 3552 ἀνακαλύψαι
1199 3462 1251 3530 τὸν

195 3672 197 3677 Ι
238 3589 428 3678 ύπερηρανον
444 3608 452 3624 ·
471 3580 597 3661 πόντως
615 3572 653 3648 θέ
675 3582 751 3675 πρὸς
778 3584 900 3652 συνετὸν
922 3588 1042 3680 ἐλέγετο
1062 3594 1182 3669 ταῦτα,
1200 3582 1253 3652 καὶ

240 3709 380 3803 ἀφορμὴν
391 3702 525 3775 λαύὼνό
541 3707 648 3799 σορὸς,
662 3709 834 3799 σοφώτερος
846 3706 899 3782 ἦν·
913 3698 1051 3779 συνεῒκε8
1065 3700 1253 3806 γὰρξεύθέως,

277 3952 298 3998 1.
315 3948 446 4006 Ἰσυστίνα,
457 3948 488 3997 Β.
791 3938 815 3980 5·
834 3933 919 3996 Deest,
934 3934 962 3984 Β.

274 4041 298 4084 2.
318 4032 403 4092 Deest,
414 4032 443 4082 Β.
790 4023 815 4067 6.
835 4016 982 4081 Φθάνωμεν,
996 4018 1023 4068 Β.

275 4123 298 4166 3.
313 4115 474 4180 Μεγάλαυχα,
490 4114 518 4164 Β.
790 4105 815 4152 7·
836 4102 954 4162 Ἐκεῖνον,
965 4103 996 4153 Β.

275 4207 299 4253 ⁴.
319 4200 402 4263 Deest,
413 4201 440 4251 Β.
688 4180 701 4195 ’
790 4190 814 4237 8·
834 4184 1092 4262 Σννῇκε,Β.(1.Ε.Ρ.
