3300 5272
833 415 982 474 BABRH
1009 417 1270 497 renutet-tt.

860 1122 1006 1184 vtDUn
1036 1122 1094 1181 ET
1124 1123 1235 1184 ovts.

533 1495 690 1580 Quodam
706 1496 784 1559 olim
799 1493 896 1558 vidua
908 1493 995 1558 domi
1012 1494 1175 1558 nutriebat
1188 1514 1292 1558 ovem.

445 1668 447 1674 ·
533 1638 613 1721 Quae
627 1659 725 1724 quum
742 1651 873 1725 cuperet
887 1635 994 1699 lanam
1010 1635 1133 1700 babere
1148 1634 1347 1725 longiorem,
1372 1635 1523 1724 imperita
1538 1650 1609 1699 ton·

488 1777 586 1843 debat
609 1800 708 1842 manu
730 1775 912 1859 bidentem,
936 1778 1140 1865 cuticulaque
1163 1792 1257 1843 tenus
1279 1775 1405 1866 forcipe
1426 1775 1609 1843 demetebat

488 1919 591 1984 vellus
604 1968 613 2001 ,
628 1919 711 1984 adeo
724 1936 762 1983 ut
775 1917 893 1982 vulnus
906 1919 1035 1985 faceret.
1066 1920 1071 1930 '

530 2092 544 2119 ι
557 2063 606 2126 Ne
622 2082 674 2125 me
685 2059 780 2125 laedas
791 2091 820 2141 ι,
835 2060 936 2124 bestia
955 2059 1068 2124 dolens
1084 2059 1200 2148 inquit.
1218 2057 1335 2142 «Quid
1353 2060 1438 2124 enirn
1452 2058 1605 2149 ponderis

486 2204 642 2292 -sanguis
660 2202 788 2288 adjiciet
807 2200 922 2267 meus?
944 2203 1004 2265 Ast
1017 2201 1123 2266 earnis
1144 2201 1171 2266 si
1186 2224 1265 2266 meae
1278 2224 1359 2290 opus
1379 2216 1429 2266 est
1446 2202 1526 2284 tibi,
1545 2200 1604 2265 do-

486 2345 612 2426 «mina,
631 2342 721 2409 adest
733 2365 859 2431 coquus
868 2391 878 2423 ,
900 2343 956 2430 qui
972 2365 1024 2407 me
1039 2341 1272 2430 compendiose
1290 2340 1478 2406 immolabit.
1505 2340 1604 2424 Quod

487 2516 499 2541 ·
515 2487 541 2552 si
557 2487 638 2552 lanae
649 2502 681 2550 et
694 2486 821 2551 velleris
834 2509 919 2575 eges,
937 2508 1006 2550 non
1023 2508 1100 2551 vero
1117 2486 1279 2568 carnium,
1293 2506 1402 2549 mrsus
1414 2499 1462 2548 est
1479 2499 1602 2566 tonsor,

486 2658 498 2682 ι
514 2629 568 2714 qui
582 2650 634 2692 me
648 2626 798 2692 tondebit
813 2650 849 2691 ac
865 2628 947 2692 sinet
960 2629 1066 2693 vivere
1080 2657 1103 2690 ι.

528 2929 568 2992 In
591 2950 647 2993 eos
670 2929 726 3018 qui
745 2928 904 3017 inexperti
924 2949 976 2993 res
1000 2926 1250 3018 adgrediuntur,
1275 2928 1320 2991 ita
1342 2927 1503 2991 ut'minus
1519 2927 1601 2991 lucri

483 3073 659 3160 importent
670 3069 747 3152 sibi,
764 3093 858 3158 quam
876 3068 995 3134 damni.

483 3455 561 3517 τιμήν·
579 3456 630 3507 «rt
647 3473 686 3508 σοι
707 3459 734 3508 τὸ
759 3459 838 3522 κέρδος
857 3461 873 3519 ἡ
896 3459 939 3508 τίν’
956 3460 1016 3509 brev
1069 3459 1332 3510 eliereeeneioneterti
1345 3458 1538 3509 remutrehuloe
1546 3471 1600 3509 ter·

483 3535 621 3599 ώρήσειςις
637 3534 683 3586 sed
701 3536 760 3585 mihi
777 3551 825 3586 non
837 3537 886 3586 buo
898 3539 1017 3600 pertinere
1069 3538 1458 3604 1ωεΤίσοιτὸκὲρδος,ἢπόσου
1475 3555 1505 3602 pt
1521 3540 1600 3597 πωλή-

484 3611 590 3675 videtur,
611 3613 786 3678 btbtten'mque
804 3627 861 3666 eum
882 3616 962 3679 potius
974 3628 1018 3679 pto
1071 3633 1134 3678 ottt;
