3300 5272
621 397 670 455 E'l'
692 395 945 456 cuuuluuuut.
1281 410 1340 461 tte

222 584 289 626 uon
307 580 356 628 est
373 584 484 628 revera
505 562 776 653 typographicam
795 559 969 642 mendum,
998 559 1055 624 sed
1069 563 1188 650 pariter
1206 562 1343 629 redime·

222 702 284 768 tur,
309 709 347 751 ac
367 687 488 752 mulcta
509 709 577 752 nou
604 709 683 768 una,
707 708 807 774 quum
825 685 866 749 sit
883 685 948 748 mei
972 685 1158 774 proprium,
1180 709 1241 752 uec
1264 708 1342 778 pos-

221 811 282 876 sim
300 810 381 875 illud
400 833 473 875 cum
499 811 719 899 compositore
741 809 908 873 literarum
931 809 1145 876 lectoributve
1163 813 1344 878 commuui-

222 957 305 999 care.
326 934 449 1023 Sibylla
469 938 502 1015 d,
534 933 601 998 15:
622 930 684 997 Καὶ
703 936 760 1023 γῆ,
781 931 833 996 καὶ
857 930 1013 1022 ποταμοὶ,
1041 929 1093 997 καὶ
1119 930 1233 998 άενάων
1253 930 1342 1026 πάμα

222 1063 341 1145 πηγῶν.
362 1056 575 1122 inserendum
590 1077 639 1120 τε·
661 1051 798 1144 ποταμοί
821 1077 856 1120 τε
873 1052 935 1121 καί.
954 1059 1077 1123 Rursus
1095 1057 1127 1140 θ,
1142 1061 1230 1148 έδρι
1249 1052 1341 1134 Αὖθις

224 1168 252 1242 θ’
270 1175 417 1270 εὐφράνθη
437 1175 489 1243 καὶ
513 1175 598 1250 ἰάνθη
621 1177 693 1267 κέαρ
720 1167 811 1270 αὐθῇ.
830 1183 932 1270 Lego,
949 1175 1098 1270 εὐφράνθη
1118 1203 1152 1244 τε
1169 1178 1231 1246 καί.
1253 1184 1342 1250 Infra

222 1302 285 1390 478
304 1327 312 1368 :
329 1301 527 1394 Σπαργνωθθν
541 1290 576 1366 dl
593 1301 701 1392 βρέφος
719 1291 824 1392 θείχθη
840 1298 1002 1367 θεοπειθέοε
1018 1300 1129 1394 φάτνῃ.
1148 1306 1200 1372 Sic
1215 1306 1337 1372 editum

223 1443 273 1492 est
299 1451 318 1493 e
345 1431 531 1514 conjecturs
558 1451 618 1518 pro
648 1421 893 1518 οπαργανωθεὶς,
926 1426 1156 1517 σπαργανωθέν.
1190 1429 1343 1519 Propouo

224 1548 414 1641 σπαργωθέν.
433 1551 510 1616 Fuit
527 1546 673 1640 οπάργω,
689 1572 758 1615 esse
775 1552 904 1640 σπαργῶ
928 1551 1041 1640 potuit.

268 1677 302 1741 P.
318 1699 376 1764 91,
402 1699 433 1740 u.
460 1696 491 1761 9.
516 1666 659 1740 Verbum
676 1663 817 1762 αἰθριάζυ
838 1690 886 1739 est
906 1675 1046 1739 activum
1065 1676 1100 1739 in
1116 1676 1346 1765 epigrammate

223 1800 389 1865 christiani
409 1800 562 1889 poetustri
585 1801 670 1864 iuter
692 1797 861 1864 Auecdota
886 1799 983 1864 Paris.
1007 1815 1031 1862 t.
1049 1803 1083 1882 d,
1102 1822 1134 1888 p.
1153 1801 1240 1865 320:
1261 1777 1344 1890 dpuc

224 1924 241 1987 θ
262 1912 357 1998 δεινὸς
380 1917 529 2012 θκτυφλοῒ
548 1920 607 2011 μου
633 1915 690 1996 τὰς
705 1920 831 2011 φρένας·
852 1906 930 1984 Ᾰλλ’
948 1911 1091 2011 αὐθριάζεε
1109 1924 1161 1996 σὸς
1182 1920 1276 1999 πόθος
1295 1945 1344 2013 με,

225 2047 342 2134 Χριστέ
357 2069 427 2137 μου.
453 2048 490 2113 ld
506 2049 587 2112 olim
602 2045 765 2112 edideram
781 2048 815 2110 in
830 2045 1004 2111 Auecdotis
1019 2047 1139 2112 Graecis
1152 2063 1176 2110 t.
1195 2070 1225 2128 2,
1242 2071 1274 2137 p.
1287 2047 1342 2130 56,

226 2190 257 2239 et
269 2196 372 2262 nuper
386 2173 521 2262 repetiti
535 2174 569 2236 in
582 2170 760 2237 Anecdotis
772 2171 876 2236 Novis
890 2194 922 2259 p.
946 2171 1017 2259 175,
1036 2193 1110 2235 cum
1124 2171 1265 2237 lectione
1281 2196 1345 2238 me·

213 2283 305 2363 ‘liure
327 2285 483 2384 αἰθριάζοε.
508 2299 590 2363 Sunt
611 2296 724 2362 eodem
742 2296 981 2361 Anecdotorum
997 2297 1053 2362 Gr.
1072 2296 1146 2361 loco
1162 2320 1273 2365 versus
1291 2299 1345 2364 elii

225 2443 305 2508 quos
326 2421 465 2508 reperies
487 2427 520 2485 et
539 2421 573 2483 in
587 2413 848 2502 'Purisiensibus;
869 2442 950 2507 quos
973 2420 1058 2484 inter
1082 2418 1245 2485 distichon
1265 2419 1345 2485 mihi

226 2537 265 2616 εἰς
281 2542 336 2614 την
349 2537 533 2611 senatvs-u
550 2543 630 2632 (imo
648 2531 864 2625 ὐπαπαντάν),
879 2541 1037 2607 mendoso
1056 2541 1207 2607 lemmate
1230 2543 1264 2607 in
1283 2549 1343 2609 An.

225 2668 324 2732 Paris.
350 2691 381 2757 p.
408 2668 485 2754 309,
502 2661 543 2741 εἰς
556 2665 611 2737 τὴν
625 2665 814 2736 ὐποπαντύν.
834 2667 891 2731 Est
903 2665 1070 2737 θπαπαντύ
1089 2689 1210 2732 nomeu
1223 2669 1347 2759 liturgi-

225 2812 298 2854 cum
325 2789 400 2855 festi
425 2788 659 2855 Purificutionis
689 2790 740 2853 vel
767 2812 918 2854 occursus
942 2791 1122 2879 Symeonis.
1152 2793 1234 2858 Sunt
1261 2793 1347 2858 inter

146 2975 149 2981 .
225 2913 431 3002 Authologiae
457 2904 651 3001 χριοτιυνυεὰ
668 2912 734 2977 duo
766 2907 806 2985 εἰς
827 2911 883 2982 τὴν
901 2913 1039 2986 ὐπαντήν
1059 2913 1216 2999 disticha,
1245 2917 1289 2996 46
1313 2934 1347 2982 et

230 3042 301 3117 ειη.
331 3036 580 3126 θορυιυνοηνυνίῑ
608 3035 715 3101 editor
740 3037 933 3124 compendia
958 3037 1079 3104 codicis
1104 3061 1144 3104 eo
1170 3037 1287 3125 modo,
1311 3058 1347 3106 ut

224 3160 359 3231 ὐπαντύν
381 3160 502 3224 bonam
529 3181 599 3224 esse
627 3159 801 3224 lectionem
826 3158 986 3242 videntum
1014 3162 1071 3227 sed
1101 3164 1135 3226 iu
1161 3165 1346 3254 apographo

227 3286 427 3375 Spalettiuno
443 3286 494 3349 bis
509 3302 559 3349 est
576 3286 735 3374 integrum
753 3308 874 3349 nomeu
889 3278 929 3357 εἰς
942 3284 1139 3353 ὐπαπαντύν.
1157 3286 1237 3349 Esse
1249 3285 1346 3351 credo

225 3426 396 3499 utramque
414 3409 552 3474 formum
577 3411 611 3473 in
637 3430 714 3489 usu,
741 3407 798 3473 sed
824 3409 909 3472 hanc
936 3408 1235 3495 frequentissimam.
1266 3410 1347 3474 Acta

227 3535 303 3599 Elioe
319 3534 459 3598 iunioris
474 3557 505 3622 p.
529 3535 615 3600 186:
633 3532 740 3622 πρώτη
765 3521 962 3620 φεάρυυαρίυυ
985 3527 1079 3618 μηνὸς
1103 3533 1172 3608 ἥτις
1198 3527 1264 3595 ἐστὶ
1285 3529 1345 3620 πρὸ

228 3659 300 3747 μιᾶς
326 3667 381 3735 τῆς
407 3661 544 3732 ὐπαντῆς
568 3665 623 3722 τοῦ
649 3655 764 3746 Κυρίου
783 3640 884 3726 luctu.
910 3656 1021 3721 Potius
1036 3655 1143 3722 dicere
1162 3657 1276 3724 debuit
1291 3663 1345 3731 τῆς

226 3784 365 3859 ὐπαντης
394 3789 449 3847 τοῦ
477 3784 646 3870 Συμεῶνος.
675 3781 740 3848 Sed
766 3780 917 3845 solemnis
940 3796 989 3845 est
1010 3781 1084 3845 festi
1110 3780 1298 3870 appellatio,
1325 3776 1349 3850 θ’

227 3907 392 3979 lucrave-l
411 3913 467 3971 τοῦ
482 3904 611 3994 Κυρίου,
624 3908 642 3976 l
655 3905 820 3977 ὐπαπαντή
833 3909 888 3979 τῆς
899 3900 1065 3968 Θεοτόκου.
1075 3906 1211 3969 Textum
1224 3903 1346 3969 editum

229 4055 314 4097 ame
328 4032 475 4120 allegabo
490 4033 599 4122 potius
616 4049 709 4119 quam
725 4030 879 4112 alterurn,
906 4030 1046 4117 quisine
1062 4029 1126 4092 ulla
1142 4027 1348 4097 distinctione

228 4173 353 4245 prostat
373 4156 538 4221 horridior
563 4179 571 4220 ε
595 4143 702 4235 Εἶδες,
715 4151 821 4244 γέρον,
837 4151 946 4242 βρέφος
964 4173 1020 4240 με·
1041 4140 1129 4241 θεῦρο
1146 4151 1221 4242 πρὸς
1240 4149 1346 4236 πάλον,

231 4260 308 4343 θθεῒν
333 4279 383 4344 τὸν
409 4278 499 4344 αὐτὸν
521 4268 705 4369 δημιουργὸν
734 4284 791 4342 τοῦ
818 4273 938 4366 χρθνου.
959 4277 1149 4366 Alloquitur
1174 4279 1265 4344 Iesus
1292 4279 1348 4368 Sy-
