3300 5272
799 419 946 479 eeneii
976 417 1148 478 inpune
1175 417 1323 478 xxviii.
1579 428 1613 487 61

977 812 1137 881 XXVIII.

872 1107 953 1167 808
981 1106 1038 1165 ET
1067 1104 1248 1167 noenia.

549 1424 677 1488 Prolem
698 1425 821 1489 rubetae
836 1424 1035 1489 concalcavit
1050 1425 1110 1489 boe
1124 1425 1207 1489 inter
1221 1425 1408 1493 bibendum.
1426 1429 1499 1494 Huc
1510 1447 1616 1495 autern

502 1563 635 1626 veniens
648 1568 736 1645 (tunc
751 1565 838 1628 enim
850 1586 917 1627 non
929 1562 1050 1649 aderat)
1067 1581 1189 1645 mater,
1207 1590 1224 1629 a
1239 1567 1388 1632 fratribus
1411 1571 1467 1635 ubi
1487 1570 1616 1635 tandem

505 1704 614 1765 lateret
628 1702 811 1789 inquirebat
827 1727 835 1768 :
854 1734 867 1758 ι
878 1704 1024 1769 Mortuus
1036 1721 1096 1788 est,
1108 1730 1129 1768 o
1144 1722 1254 1772 mater.
1273 1707 1377 1772 Modo
1392 1711 1478 1774 enim
1490 1734 1617 1775 summo

504 1866 628 1908 «mane
659 1845 855 1933 amplissima
879 1849 967 1911 venit
995 1847 1104 1912 bellua
1135 1849 1336 1936 quadrupes,
1375 1850 1465 1932 cujus
1498 1854 1616 1943 ungule

503 2018 515 2038 α
525 1989 609 2071 jacet
621 1988 778 2050 contritus
792 2018 814 2049 ».
892 2048 901 2059 ,

547 2124 629 2188 Tum
642 2127 862 2214 interrogabat
879 2128 992 2192 rubeta
1010 2127 1139 2193 sufflans
1153 2152 1202 2211 se,
1226 2154 1304 2195 num
1321 2132 1534 2220 amplitudine
1547 2150 1620 2199 tan-

503 2280 572 2328 turn
590 2282 671 2330 esset
693 2267 824 2332 animal.
876 2260 880 2267 ⁴

547 2408 605 2472 Ast
627 2407 675 2472 iiii
700 2411 793 2474 matri
817 2411 981 2493 «Desine5
1015 2411 1082 2475 noli
1104 2429 1136 2476 te
1153 2411 1273 2477 inflare.
1305 2413 1408 2477 Citius
1432 2429 1464 2478 te
1488 2416 1617 2502 ipsam»

503 2545 666 2630 dixerunt,
682 2581 694 2606 ι
709 2573 837 2639 rumpes
852 2551 1008 2634 mediam,
1025 2574 1121 2639 quam
1134 2554 1201 2637 ejus
1213 2553 1387 2618 imitaberis
1402 2555 1579 2620 vastitatem
1594 2591 1615 2622 ν.

547 2837 644 2920 Quod
660 2839 700 2903 sit
713 2839 889 2928 imparibus
907 2842 1123 2929 periculosum
1135 2843 1301 2908 decertare
1311 2844 1595 2930 praestantioribus.

502 3204 555 3254 eine
567 3204 736 3267 probabiiiieie
746 3206 793 3267 legi
803 3210 913 3255 τοσοῦτον
929 3218 973 3268 pro
989 3221 1034 3254 τοι·
1086 3205 1164 3269 reperi
1175 3204 1288 3267 lectione,
1298 3205 1447 3269 exspectabo
1455 3207 1547 3257 codicis
1555 3207 1617 3256 eiius

501 3288 578 3334 οῦτον.
597 3288 638 3333 Eoi
653 3285 743 3347 pocoo'
760 3285 843 3343 ἑαυτὴν
861 3285 887 3332 in
907 3285 1034 3345 vaticano,
1085 3285 1214 3346 auxilium,
1226 3284 1263 3333 rei
1274 3284 1404 3334 feliciorem
1412 3286 1585 3347 conjecturam.

503 3365 578 3414 etiam
597 3368 720 3424 τοιοῦτον,
741 3364 806 3426 qnod
829 3364 933 3414 serrari.
951 3363 1034 3415 simile
1118 3368 1147 3413 io
1174 3373 1203 3424 Α,
1221 3363 1358 3422 ποσότητα»
1374 3362 1439 3425 quod
1458 3364 1565 3411 metrum
1582 3375 1619 3410 re·

503 3458 561 3494 mox
574 3457 661 3493 nomen
674 3444 805 3506 qualitatis,
816 3444 939 3502 ποιότητα.
989 3448 992 3454 ’
1085 3443 1159 3506 spuit.
1176 3442 1223 3491 vix
1241 3440 1347 3504 placeret
1359 3440 1506 3501 ποσσότητα,
1519 3440 1566 3490 eici
1585 3441 1618 3490 eii

533 3527 556 3572 8.
574 3529 603 3581 Α,
613 3528 682 3582 παῦε,
694 3525 726 3586 μὴ
735 3522 811 3586 opion.
830 3529 854 3571 in
864 3522 930 3571 edita
941 3534 955 3571 e
965 3522 1033 3571 vati·
1084 3523 1160 3580 τόσση
1171 3526 1196 3569 F.
1204 3524 1273 3581 36,8.
1284 3519 1617 3571 sedmctroeamsacitieotio

502 3613 564 3651 oeno
584 3600 783 3662 sabulatrtmioa,
799 3603 832 3664 μὴ
849 3606 932 3659 ποιοῦ,
950 3607 1030 3666 μῆτερ.
1084 3602 1201 3651 Vaticana
1221 3600 1351 3660 ποιότητα,
1375 3611 1450 3662 quem
1475 3599 1530 3660 post
1557 3597 1617 3645 aiios

502 3688 543 3733 Eoi
561 3689 623 3733 παῦε
642 3684 718 3731 forma
737 3683 829 3744 optima
847 3694 876 3729 ao
896 3679 1031 3740 notissima,
1084 3681 1174 3743 recepi.
1189 3681 1273 3729 inveni
1287 3679 1312 3729 In
1327 3678 1410 3729 codice
1425 3682 1483 3728 2991
1499 3678 1617 3737 nignatii

503 3766 590 3825 quaet
603 3767 681 3825 poeiae
698 3766 756 3810 sunt
778 3760 813 3809 usi
830 3763 855 3809 et
873 3759 975 3823 prosaici
991 3772 1032 3808 eu·
1085 3759 1192 3809 fabulam
1222 3760 1314 3809 hancce
1330 3773 1337 3806 :
1355 3759 1422 3819 Χηλῇ
1446 3757 1501 3820 βοὸς
1520 3761 1617 3806 caretro

501 3846 589 3892 etoree.
608 3842 664 3890 Pine
681 3843 718 3889 eet
737 3839 886 3889 difficultatis
906 3840 931 3887 in
953 3839 1030 3904 πρίου.
1086 3840 1206 3904 βατράχου
1226 3841 1305 3895 riaoc·
1324 3838 1398 3904 Ὀργῇ
1415 3838 1441 3886 δὲ
1460 3837 1535 3902 μήτηρ
1554 3839 1617 3887 εἶπεν

503 3927 596 3971 Mutare
610 3920 698 3970 suadet
711 3926 818 3983 Coreyus
828 3925 898 3970 ποιοῦ
910 3920 936 3968 In
947 3924 1003 3968 πιοῠ
1017 3932 1031 3967 a
1084 3919 1111 3980 ἧς
1132 3920 1203 3970 iiber
1218 3921 1292 3975 τέκοςΙ
1312 3920 1359 3967 Καὶ
1375 3918 1456 3967 τέκνον
1475 3919 1532 3968 ἄλλο
1542 3913 1616 3983 ’φησί’

501 4007 613 4064 accipet,
635 4001 700 4065 quod
714 4014 866 4063 synonymon
883 4012 934 4049 cese
945 3998 979 4047 air
989 4002 1032 4048 τοῦ
1084 4000 1128 4048 κάν
1140 4001 1212 4064 pom
1224 3998 1275 4058 ὅλη,
1286 3997 1348 4062 Πρὸς
1365 3996 1432 4045 οὐδὲν
1448 3996 1522 4061 αὐτῷ,
1535 4004 1615 4062 μῆτερ,

501 4083 643 4148 παχύνομαι.
652 4087 734 4144 Quum
741 4081 874 4144 reperietur
883 4079 946 4143 apud
955 4084 1030 4141 Heey·
1084 4078 1183 4142 ἐμφιρὴς
1198 4078 1250 4139 lon.
1263 4075 1341 4125 illem
1351 4088 1365 4124 e
1374 4074 1487 4125 nandinii
1502 4077 1617 4139 catalogo

502 4164 584 4214 chium
596 4162 687 4227 πρίεται
704 4174 749 4225 pro
759 4167 872 4225 φνσᾰται,
887 4162 928 4211 iiia
941 4160 1030 4223 gioria,
1083 4156 1247 4208 recensionem
1265 4154 1378 4218 apposuit
1395 4155 1521 4206 Knooiiiue
1537 4169 1562 4220 p.
1575 4158 1619 4219 oi,

502 4242 614 4305 quemvis
623 4243 746 4304 suspecta,
756 4239 914 4290 mecchibuit
925 4238 956 4288 eb
964 4237 1030 4288 omni
1083 4248 1157 4299 qoam
1170 4233 1281 4284 conferre
1298 4234 1414 4296 poierant
1431 4233 1524 4295 quibua
1539 4248 1617 4298 mea

502 4321 611 4372 motandi
625 4319 773 4381 boiemiae,
792 4323 828 4381 et,
845 4322 941 4369 cerreta
958 4331 1031 4381 qoam
1084 4318 1179 4380 piamit
1189 4327 1289 4377 quoquo
1300 4312 1373 4363 modo
1383 4312 1482 4377 scripta.
