3300 5272
299 470 371 541 200
703 488 883 538 ατεινιειιοι

353 645 368 677 ι
386 618 493 707 Κύμης
510 602 703 707 Εύτολμιοςί
724 605 873 698 Κλαυδίῳ
891 615 1023 705 Καίσαρι
1041 623 1085 701 τῷ
1099 619 1234 710 μεγάλῳ,
1248 626 1304 710 γῆς

297 741 348 807 καὶ
362 737 513 816 θαλάσσης
531 728 725 824 διστάζοντι,
738 737 863 831 χαίρειν.

352 889 364 913 ν
380 866 516 940 Γαλήνης
533 867 649 939 πολλῆς
667 861 739 938 τοῦς
757 862 815 928 ὑπὸ
837 865 892 935 την
911 863 966 934 σδν
983 852 1118 940 ἐξουσίαν
1134 862 1305 930 ἀπολαύον-

298 985 355 1065 ’τας
372 991 459 1077 ὁρῶν,
475 988 600 1078 μέγιστε
618 985 753 1067 βασιλεῦ,
774 993 828 1060 τῆς
844 993 904 1050 τῶν
927 985 1066 1077 μεγάλων
1088 987 1172 1051 Θεῶν
1191 985 1304 1064 εὐνοίας

296 1111 332 1186 ἢν
347 1110 416 1203 περί
428 1134 461 1175 σε
478 1101 670 1197 διασώζουσι,
686 1109 738 1174 καὶ
751 1117 805 1185 τῆς
818 1110 988 1199 προσούσης
1003 1134 1049 1175 σοι
1068 1101 1305 1201 δεισιδαιμονίας

188 1301 190 1305 .
297 1230 380 1311 ἀξιον
404 1245 495 1301 τοῦτο
517 1237 654 1327 γινώσκω
675 1234 711 1300 τὸ
735 1219 980 1325 ἀνταπέδομα2·
1000 1231 1064 1300 ἐπεὶ
1085 1225 1121 1299 δέ
1147 1258 1225 1312 τινες
1240 1242 1303 1301 τῶν

295 1363 462 1450 λεγομένων
480 1357 650 1424 Γαλιλαίων
672 1356 714 1424 τὰ
737 1357 777 1436 εἰς
797 1357 908 1434 αὐτούς
928 1357 1150 1449 ρρυαττύμενοι
1168 1360 1304 1450 Χριστὸν

298 1485 415 1565 μᾶλλον
434 1479 466 1547 θν
494 1467 640 1548 Ῐουδαίων
660 1471 767 1558 παῖδες
788 1487 828 1560 ὡς
852 1491 1019 1575 κακοῦργον
1046 1482 1304 1566 ἀνεσκολόπισαν,

298 1598 419 1671 σέύουσί
438 1630 472 1671 τε
490 1605 542 1672 καὶ
564 1615 778 1697 προσκυνοῦσι,
798 1608 910 1672 τούτου
930 1605 1017 1698 χάριν
1043 1603 1095 1670 καὶ
1119 1612 1203 1697 ἡμεῖς
1228 1611 1305 1675 πάσι

296 1729 421 1821 τρόποις
436 1734 476 1807 ὡς
490 1719 669 1806 στασιώδεις
688 1729 799 1807 αὐτούς
817 1729 868 1795 καὶ
881 1727 1019 1819 λοιμοὺς,
1035 1728 1116 1817 μετὰ
1132 1732 1188 1804 τήν
1203 1726 1243 1806 εἰς
1267 1730 1305 1796 τδ

287 1855 386 1943 ιβῆμα
403 1852 595 1944 παράστασιν
607 1856 641 1918 ού
655 1850 920 1944 μετατιθεμένους,
937 1845 1098 1928 ἐξελαύνειν
1112 1858 1171 1917 τῶν
1187 1855 1306 1918 πολεων

194 2063 197 2069 ι
296 1977 365 2069 περὶ
381 1982 496 2043 πολλοῦ
518 1977 712 2069 ἐποιούμεθα·
733 1975 785 2042 καὶ
810 1970 854 2053 οἷς
877 1975 930 2064 μὲν
950 1972 1008 2063 ὀψέ
1025 2000 1103 2043 ποτε
1118 1977 1305 2066 μεταμέλειά

298 2126 344 2175 τις
370 2100 420 2168 ἐπὶ
441 2107 506 2179 τοῖς
530 2106 629 2179 καλῶς
648 2091 844 2194 δεδογμένοις
870 2102 997 2192 ἐγένετο,
1018 2109 1058 2192 τῇ
1081 2107 1143 2166 τῶν
1164 2096 1308 2193 μεγάλων

298 2225 433 2314 εὐμενείᾳ
465 2229 549 2292 Θεῶν
581 2226 770 2317 θαρροῦντες,
798 2215 983 2315 εἰσδέχεσθαι
1010 2225 1140 2301 τούτους
1167 2223 1218 2291 καὶ
1249 2232 1306 2299 την

298 2353 509 2441 προσήκουσαν
528 2352 688 2441 ἀπονέμειν
700 2349 789 2442 χάριν
808 2353 841 2417 οὐ
857 2350 1092 2442 παρῃτούμεθα·
1108 2346 1159 2427 οῦς
1172 2341 1207 2416 δὲ
1220 2350 1307 2416 ἀνιά..

298 2499 359 2551 τως
386 2475 513 2566 ἔχοντας
541 2458 795 2565 διερευνώμενος8
817 2474 969 2564 εὕρισκον,
1000 2474 1129 2551 τούτους
1164 2465 1304 2559 αἰκίζειν,

298 2599 521 2690 ἀνασταυροῦν,
550 2591 630 2674 ὄνυξι
658 2585 769 2680 (iem,
796 2601 873 2663 πᾶσι
900 2595 1025 2687 τρόποις
1052 2591 1190 2676 κολάζειν
1221 2596 1305 2666 κατά

298 2722 369 2801 τοὺς
385 2723 536 2814 κειμένους
553 2721 662 2813 νόμους
678 2723 733 2787 οὐκ
751 2722 955 2812 ἠμελύσαμεν.
977 2700 1086 2799 Ᾰλλως
1106 2720 1165 2815 γάρ
1182 2724 1236 2788 οὐκ
1260 2723 1303 2790 ένι

300 2845 504 2939 περιγενέσθαι
531 2841 635 2936 ψυχῶν
669 2845 915 2935 ἀπονενοημένων
937 2844 989 2910 καὶ
1013 2843 1051 2911 τὸ
1077 2835 1180 2937 δύσερι
1210 2843 1306 2924 πάθος

300 2957 529 3062 προενιρκηιιὸς5
550 2973 656 3046 αὐτοῖς
679 2970 829 3060 ἐχουσῶν
857 2969 907 3033 ἵνα
929 2959 964 3034 δὲ
995 2970 1037 3059 μὴ
1063 2957 1178 3060 λόγον6
1205 2966 1308 3051 άλλως

299 3085 458 3184 ύπολάύιρς
474 3117 513 3184 με
533 3091 722 3160 πλάττεσθαι
732 3078 758 3173 ⁷,
775 3090 827 3156 καὶ
847 3092 1018 3181 Κυπριανθν
1038 3100 1161 3176 τοῦτον,
1180 3097 1237 3185 οὐχ
1257 3100 1307 3162 ὑπ’

300 3216 433 3309 ἀνάγκης
452 3217 531 3294 τινθς
551 3217 619 3283 αλλ’
634 3214 736 3282 ἑκοντὶ
756 3224 816 3281 τῶν
833 3214 986 3308 σωτηρίων
1005 3213 1078 3282 θεῶν
1093 3216 1306 3307 μεταθέμενον,

299 3348 346 3425 τῷ
361 3343 578 3432 έσταυρωμένῳ
595 3365 630 3407 τε
651 3340 721 3406 ὅλον
740 3338 846 3406 ἑαυτὸν
864 3339 1060 3430 ἀναθέμενον,
1081 3337 1159 3430 μετά
1176 3342 1213 3408 τὸ
1232 3365 1307 3433 σρο·

301 3454 380 3558 δρῦς
399 3460 523 3549 αἰκίσαι,
544 3470 589 3547 τῷ
606 3462 710 3556 κράτει
726 3487 779 3529 σου
798 3471 848 3528 νῦν
867 3455 1073 3546 έξαπέστειλα,
1087 3458 1242 3555 ἄνθρωπον
1260 3491 1309 3532 πι-
1347 3477 1348 3482 ’

301 3585 388 3654 θανὸν
408 3593 471 3666 τοῖς
492 3589 610 3679 λύγοις,
635 3587 764 3676 πονηρὸν
792 3590 857 3660 τοῖς
883 3584 1025 3676 τρόποις,
1046 3586 1242 3678 ἑτοιμότατον
1268 3589 1308 3666 εἰς

302 3710 486 3803 ἀπολογίαν·
512 3712 615 3795 τούτῳ
645 3708 669 3775 εἰ
696 3707 798 3801 πρᾴως
823 3710 975 3798 ἐνέτυχον,
993 3699 1065 3779 οὐδὲ
1088 3710 1142 3777 τὸν
1161 3719 1228 3777 νοῦν
1256 3737 1308 3802 μοι

337 3924 359 3969 1.
379 3919 518 3980 Εῦστόλιος,
532 3918 558 3968 B.
845 3923 868 3967 5.
887 3918 1095 3981 Προσενοικηκθς,
1110 3921 1136 3972 Β.
1151 3947 1185 3958 -
1196 3923 1311 3988 sspotvot·

335 4010 357 4052 2.
378 4001 559 4064 Ἀνταπὸῦωμα,
569 4003 596 4054 Β.
811 3999 898 4061 κηκὸς,
913 4001 942 4050 C.
953 4001 981 4051 F.

335 4090 357 4133 3.
377 4084 576 4149 Διερευνόμενος,
589 4084 616 4135 Β.
847 4093 871 4134 6.
890 4084 985 4148 Δύγων,
1001 4086 1030 4137 B.

335 4172 358 4218 θ.
377 4166 483 4226 Ξαίνειν,
492 4168 521 4218 Β.
848 4174 871 4220 7.
891 4168 1054 4235 Πράττεσθαι,
1069 4173 1096 4222 Β.
