3300 5272
386 447 432 518 98
695 466 838 517 ommam
864 465 1088 526 nccmsrnons

384 595 512 692 optime
532 605 738 667 consecutus
765 604 818 665 est
847 592 1005 667 Rollinus
1033 605 1161 683 nostor,
1185 592 1327 691 insignis
1341 598 1397 691 ju·

382 719 532 796 ventutis
548 727 751 814 praeceptor.
775 716 1035 813 Scripturarum
1050 717 1154 815 igitur
1171 702 1277 791 derbe
1295 740 1396 790 usur·

383 866 470 940 pans
497 853 599 939 atque
623 838 821 937 disponens,
849 841 975 913 Christi
1002 840 1201 939 religionem
1227 841 1396 915 fidelium·

382 988 449 1062 que
467 964 582 1039 officia
605 963 777 1059 explanat.
797 966 872 1036 Una
898 964 1000 1037 lactis
1026 965 1127 1039 bonae
1156 966 1236 1038 vitm
1254 966 1398 1039 imtitu··

383 1088 480 1163 endae
497 1089 570 1161 suis
590 1089 663 1184 ipse
685 1085 930 1160 documentum
965 1097 1066 1185 atque
1090 1089 1285 1186 exemplum
1300 1100 1391 1177 erat3

384 1234 504 1309 nempe
539 1241 553 1277 r
574 1208 866 1309 quemadmodum
899 1234 938 1284 se
970 1213 1117 1309 gesserit
1154 1214 1230 1310 quis
1264 1213 1392 1286 reterre

382 1335 556 1411 sufficiat?
587 1339 669 1425 Quae
699 1335 749 1408 illi
774 1336 897 1431 pietas,
928 1336 986 1431 qui
1017 1338 1126 1434 vigor,
1157 1337 1395 1411 misericordia

382 1473 511 1556 quanta
521 1484 601 1534 cum
614 1457 786 1533 censura?
803 1456 894 1547 Quid
907 1470 1025 1533 autem
1040 1460 1134 1533 circa
1146 1483 1312 1557 pauperes
1329 1462 1397 1559 epi·

382 1606 506 1680 scopus
527 1582 668 1672 laceret,
687 1604 774 1679 quos
789 1581 1057 1656 catechumenus
1072 1582 1236 1681 diligebat
1250 1581 1312 1656 ‘ln
1326 1582 1395 1659 Sed

381 1718 414 1779 et
448 1705 539 1780 illius
567 1707 677 1779 virtus
712 1714 817 1803 atque
853 1694 960 1779 animi
995 1706 1171 1782 firmitudo
1204 1732 1286 1781 mox
1317 1723 1395 1782 erat

379 1828 570 1928 probanda.
613 1828 772 1927 Philippo
816 1831 1017 1904 enimcum
1057 1830 1128 1904 filio
1168 1855 1189 1904 a
1220 1832 1390 1905 militibus

381 1965 519 2044 necato,
545 1976 635 2027 anno
653 1954 826 2044 CCXLIX,
846 1955 972 2029 Decius
992 1957 1051 2052 qui
1067 1962 1139 2053 ejus
1158 1956 1235 2029 loeo
1254 1957 1392 2053 imperii

379 2080 487 2150 tenuit
500 2076 648 2162 clarum,
673 2075 708 2146 in
734 2074 944 2149 Christianos
964 2078 1199 2152 crudelitatem
1224 2081 1393 2153 exercuit.

380 2203 444 2274 Vix
474 2203 627 2274 invectus
652 2197 775 2272 mbem
808 2199 1047 2298 triumphans,
1088 2202 1181 2300 leges
1217 2203 1296 2277 tulit
1326 2228 1393 2277 soe·

378 2327 550 2399 vissimas.
578 2323 671 2400 Nihil
700 2324 900 2415 immanius,
925 2323 1010 2397 nihil
1030 2324 1258 2398 truculentius
1283 2350 1389 2423 quam

378 2452 415 2523 in
435 2449 646 2524 Christianos
657 2447 804 2547 judicia,
828 2470 934 2544 quam
948 2459 984 2521 et
999 2447 1119 2546 populi
1138 2461 1174 2525 et
1198 2472 1392 2547 proconsu-

378 2573 451 2647 lum
467 2574 575 2647 furor.
599 2572 771 2671 Carthago
796 2595 877 2646 vero
909 2573 1112 2671 magistratu
1139 2597 1283 2647 romano
1306 2587 1389 2649 tunc

380 2697 541 2787 carebat;
573 2697 633 2771 sed
653 2697 752 2794 plebs
780 2698 817 2770 in
839 2698 1040 2795 episcopum
1069 2697 1218 2771 ferocior
1249 2698 1391 2775 invehe-

379 2823 499 2914 batur;
523 2832 558 2894 et
578 2827 652 2917 jam
676 2819 912 2918 frequentibus
935 2820 1142 2895 clamoribus
1176 2822 1388 2916 Cypriacam

378 2948 422 3019 od
442 2948 564 3019 leonem
581 2944 785 3042 petebant².

347 3133 353 3139 .
427 3074 586 3144 Attamen
601 3070 655 3143 vir
672 3067 728 3142 ille
744 3066 788 3141 de
805 3090 843 3140 se
862 3079 897 3141 et
914 3067 957 3140 de
979 3067 1051 3143 suis
1069 3067 1243 3144 humiliter
1255 3093 1296 3144 ac
1312 3093 1388 3146 mo·

377 3191 474 3266 desto
503 3193 668 3283 sentiens,
697 3215 766 3266 non
797 3202 870 3265 tam
898 3190 1008 3288 plebis
1043 3193 1252 3267 immanitati
1280 3217 1386 3292 quam

379 3317 648 3391 Christianorum
667 3315 797 3391 labanti
813 3313 1004 3412 disciplina
1020 3314 1223 3390 calamitatis
1241 3339 1382 3393 causam

377 3439 573 3515 attribuere.
595 3442 708 3515 Mores
721 3442 826 3538 igitur
841 3438 886 3513 ad
908 3437 1096 3537 quamdam
1111 3441 1290 3515 mollitiem
1309 3440 1380 3539 lap·

378 3586 447 3654 sos,
464 3588 483 3636 e
501 3565 646 3661 pristina
659 3565 786 3637 virtuto
805 3561 934 3660 aliquid
955 3587 1037 3638 suos
1054 3567 1217 3638 remissos
1238 3566 1379 3663 Cypria·

377 3712 442 3769 nus
458 3701 677 3785 conquestus,
698 3700 736 3761 ut
753 3691 801 3760 ita
818 3700 1085 3785 recoquerentur
1116 3689 1275 3761 homines
1308 3688 1384 3762 lore

415 3987 569 4048 t.·Pontius,
580 3986 624 4042 Vl.
660 4004 665 4012 ·

410 4076 435 4125 at
453 4072 570 4137 Pontius,
584 4075 640 4138 Vll,
653 4078 679 4127 ct
688 4075 777 4142 cypr„
792 4077 875 4140 spuo.
888 4072 938 4137 tv,
951 4073 1157 4127 edocendum
