3300 5272
321 431 377 502 *30
623 450 663 499 ne
690 450 887 500 00000000
911 450 1030 500 arares
1146 474 1149 478 <

327 577 426 653 ludos
446 576 614 652 sacrificia
633 572 741 653 luisse
761 579 908 671 asserit,
927 589 1071 678 actaque
1087 601 1162 654 essa
1180 580 1217 653 in
1236 579 1333 654 tbca·

328 703 390 777 tris
412 733 427 769 ι
448 701 682 777 adulterorum
700 702 868 798 fallacias,
885 703 1070 780 mulierum
1085 704 1331 805 impudicitias,

304 825 488 946 ³scasrrilee
513 833 637 925 jocos,
667 828 838 925 parasitos
865 827 1042 920 sordidos,
1070 830 1167 927 ipsos
1195 852 1334 928 quoquc

326 945 593 1044 patresfamilias
608 957 781 1044 togatos,
811 946 916 1021 modo
941 945 1115 1046 stupidos,
1140 948 1244 1023 modo
1269 948 1334 1023 ob

324 1093 476 1145 scoenns.
497 1101 512 1138 s
536 1111 587 1126 —
605 1071 717 1144 Graeci
735 1094 818 1145 vero
837 1072 899 1169 qui
924 1072 1069 1172 hujusce
1096 1073 1209 1147 atatis
1236 1073 1335 1171 quasi

325 1195 401 1269 ltnli
422 1205 541 1285 erant,
561 1194 606 1269 ad
625 1195 730 1270 Afros
753 1196 905 1271 musicos
922 1198 1060 1272 mittere
1079 1196 1250 1289 solebant,
1273 1198 1336 1294 qui

323 1331 402 1395 tum
428 1318 571 1394 bellicos
596 1332 739 1412 cantus,
773 1332 848 1395 tum
879 1320 1044 1420 lugubres
1071 1320 1220 1396 edebant
1238 1323 1330 1395 soni·

325 1455 486 1538 tus,tu1n
504 1442 731 1520 tuhuvocsm
750 1445 968 1519 mittebant¹⁶

373 1572 504 1644 Praeter
534 1570 709 1644 scenicam
740 1593 840 1663 rem,
875 1581 912 1644 et
944 1568 1167 1670 gladiatorias
1199 1591 1334 1668 pugnae

324 1694 480 1769 Aincsni
501 1717 571 1769 non
593 1716 696 1768 eacus
721 1717 762 1767 00
784 1695 935 1769 Romani
959 1717 1169 1794 magnopere
1192 1703 1334 1792 appete-
1411 1710 1414 1715 ·

323 1817 422 1911 bant,
444 1817 619 1916 inquibus
639 1830 674 1892 st
689 1817 870 1892 bominum
888 1830 923 1892 et
940 1818 1131 1894 belluarum
1146 1816 1334 1892 cartamim

322 1942 581 2041 spectabantur.
600 1941 756 2018 Belluam
774 1954 889 2019 autem
906 1954 980 2019 arte
998 1944 1087 2018 mira
1099 1940 1251 2033 crudire,
1344 2034 1348 2044 .

314 2122 317 2131 ¹
393 2148 434 2204 Ut
445 2145 523 2205 bibat
532 2146 698 2216 humanum,
709 2146 812 2222 populo
830 2145 986 2220 plaudente,
999 2146 1157 2217 cruorem²‚

322 2350 399 2424 quae
431 2327 577 2400 fortasse
608 2325 939 2417 clementissima,
977 2326 1007 2398 si
1037 2347 1107 2397 non
1133 2323 1228 2397 illam
1256 2347 1331 2398 ma·

322 2451 419 2548 gistri
441 2448 612 2536 crudelius
640 2448 762 2521 sasire
788 2444 1026 2560 docuissent³.
1055 2443 1265 2544 Quandoque
1295 2448 1353 2520 in.

321 2575 417 2647 circo
435 2575 553 2648 miseri
569 2583 604 2645 et
616 2571 824 2671 gladiatores
836 2569 1055 2645 sacerdotum
1073 2567 1215 2644 arbitrio
1231 2573 1332 2670 quasi

321 2696 443 2771 hostias
453 2695 713 2788 mactabantur-3
729 2706 765 2770 et
775 2720 879 2770 cruor
892 2693 936 2768 de
944 2694 1065 2795 jugulo
1077 2707 1239 2794 exceptus
1251 2719 1333 2793 epu·

321 2822 430 2894 manti
447 2831 585 2919 patera,
605 2819 708 2911 idoli,
726 2788 858 2894 calidus
872 2819 1007 2911 adhuc,
1029 2820 1206 2892 infaciem
1223 2826 1333 2915 jacta·

319 2957 378 3018 tue
399 2943 637 3019 crudelissima
662 2942 950 3044 propinabatur-⁴.
979 2943 1083 3033 Hinc,
1108 2941 1261 3016 scribens
1288 2939 1333 3013 ad

320 3071 495 3144 Donatum
520 3071 634 3145 virum
660 3069 727 3144 eibi
751 3069 1004 3142 amicissimum
1033 3077 1136 3164 atque
1165 3065 1333 3163 sapientia

318 3192 632 3270 commendabilem
658 3193 823 3285 omnino,
859 3192 980 3290 illique
1010 3191 1251 3265 blandientium
1276 3213 1333 3261 00-

320 3323 485 3414 reptatam
498 3317 628 3394 iontem
641 3318 866 3416 patefaciens,
883 3309 1052 3416 significat
1063 3316 1330 3416 Cyprianusquo

195 3458 198 3467 ·
319 3432 449 3518 furore
467 3455 504 3518 et
530 3466 602 3542 qua
630 3441 773 3518 libidine
801 3440 951 3540 publicis
975 3442 1011 3516 in
1037 3440 1128 3517 ludis
1154 3437 1331 3538 Carthagi·

317 3568 454 3642 nienses
467 3567 670 3666 sanguinem
686 3581 856 3662 amarent,
875 3577 1091 3668 exoptarent,
1103 3561 1212 3640 oculis
1228 3574 1332 3659 atque

352 3859 376 3905 ¹.
394 3856 520 3918 Despoet.
535 3850 601 3915 vm,

350 3945 376 3989 t.
394 3937 473 3996 Patr..
487 3936 552 3990 CIX.

350 4027 377 4074 ³.
393 4026 434 4075 Dc
444 4025 575 4089 spectac,
586 4020 618 4075 ll.

350 4120 376 4169 ⁴.
394 4114 613 4202 Despecwrullt,
630 4112 661 4165 V.
