3300 5272
636 459 812 509 runcino.
1187 436 1227 515 17

221 610 296 656 rum
326 589 535 675 pristinorum
558 587 741 655 suffimento
764 587 973 653 delectentur.
997 588 1117 654 Verum
1131 589 1233 655 enim·

222 723 299 771 vero
311 705 575 793 intertpoppdpov
594 702 765 788 scriptores
786 702 932 788 plerique
956 721 1080 785 omnes,
1103 706 1171 769 sive
1188 706 1235 769 lc-

221 820 333 904 pecdoe
355 836 464 887 curete
484 818 731 904 longobardicus
751 823 872 897 unctor,
905 816 973 883 sire
995 836 1118 902 grecus
1135 821 1238 891 ntem

222 934 381 1019 phrases
411 934 479 1001 sire
492 935 649 1021 hispanus
662 932 885 1013 Ribedeneirn‚
903 933 971 997 sive
985 950 1155 1017 germanus
1173 937 1236 1001 Su-

223 1049 303 1134 rius‚
322 1049 389 1115 sive
410 1049 615 1116 Bollcndistoe
633 1049 747 1134 belgoe,
768 1045 946 1114 kalendarii
967 1047 1077 1113 ordini
1097 1047 1236 1116 studue-

223 1171 313 1241 runt,
329 1170 368 1229 ut
381 1164 442 1250 piis
458 1164 633 1248 legentium
644 1163 760 1230 animis
769 1181 804 1227 se
812 1160 1102 1230 accommodarent.
1298 1162 1300 1167 ⁴

268 1279 350 1354 Iuro,
363 1278 522 1344 Lohinelli
542 1279 656 1357 instar,
681 1277 849 1344 historiam
876 1283 1063 1343 sanctorum
1081 1279 1236 1364 permulti

223 1393 400 1459 secundum
410 1393 577 1479 proprium
592 1401 729 1459 mentem
750 1392 854 1458 solent
872 1392 990 1459 dicere.
1007 1394 1237 1480 llletephrnstes

224 1509 355 1593 quidem
370 1509 463 1595 cujus
476 1508 567 1592 libri,
594 1527 661 1592 quo
678 1508 786 1573 nescio
811 1507 894 1573 lecto
918 1507 1041 1593 (prucis
1059 1516 1166 1578 tumen
1182 1531 1238 1577 er·

226 1624 327 1710 ceptis
350 1623 402 1690 vel
420 1623 545 1693 aSurio
569 1631 639 1688 ete
665 1621 820 1688 Bollando
845 1621 944 1688 lutino
966 1623 1111 1708 redditis,
1142 1624 1192 1691 vel
1219 1648 1238 1692 e

226 1738 396 1806 Cotelierio
408 1745 467 1804 eut
485 1737 681 1824 quibusdam
694 1738 766 1803 eliis
781 1739 816 1803 in
833 1739 939 1803 lucem
950 1736 1068 1826 editis),
1081 1739 1188 1807 adhuc
1203 1744 1238 1807 in

226 1853 368 1920 tenebris
380 1852 486 1938 jacent
503 1850 530 1935 ⁴,
549 1855 833 1918 moreGraeeorum
855 1853 891 1917 in
906 1852 1019 1917 intimo
1039 1861 1130 1920 celate
1156 1858 1240 1921 scri-

226 1970 370 2036 bentium
384 1969 492 2034 omnia
501 1968 633 2052 evolvit,
647 1969 794 2054 explicet,
808 1966 981 2054 precepcio,
992 1988 1047 2036 seu
1061 1971 1240 2057 etinmpro·

227 2085 301 2173 prio
313 2090 415 2150 morte
437 2082 573 2150 incudit.
600 2083 677 2164 Quae
700 2083 800 2166 vulgo
814 2082 902 2169 apud
927 2103 1004 2151 suos
1029 2084 1239 2152 trudebantur

226 2208 262 2266 nt
274 2199 406 2265 minime
416 2198 588 2284 equalium
601 2196 802 2264 documentis
819 2199 943 2263 curavit
954 2200 1094 2267 tamtus
1113 2199 1155 2266 de
1170 2202 1238 2267 Vc·

227 2312 349 2399 regine.
368 2294 413 2379 lio
431 2314 499 2381 iere
520 2314 586 2379 ritu
609 2313 800 2398 plerumque
823 2311 1034 2379 Ribndeueire
1051 2322 1084 2379 et
1101 2315 1239 2399 symbo-

127 2472 134 2487 .
228 2429 289 2494 lice
309 2428 403 2497 dictis
420 2437 453 2495 et
477 2430 641 2515 ingeniose
662 2427 758 2496 dictis
780 2433 812 2493 et
829 2428 1052 2496 tautummodo
1077 2430 1241 2498 indoctum

229 2543 317 2629 upnd
331 2542 448 2628 vulgus
460 2544 610 2629 acceptis,
636 2549 674 2609 ut
690 2542 797 2626 certis,
824 2550 863 2608 ut
882 2542 1026 2628 sinceris,
1052 2552 1090 2610 ut
1108 2545 1243 2631 integris

230 2658 346 2725 utitur.
366 2657 427 2725 Sed
445 2658 470 2722 ii
489 2657 602 2724 saltem
625 2657 786 2742 simplices
804 2676 842 2723 ac
856 2657 904 2743 pii
919 2659 983 2724 riri
1003 2666 1130 2727 etatem
1151 2681 1243 2729 sucin

228 2773 371 2861 jucunde
385 2772 543 2856 redolent,
560 2773 641 2841 dum
660 2774 827 2869 permulti,
845 2775 934 2842 surii
948 2794 1048 2862 more,
1071 2776 1154 2844 mele
1167 2798 1244 2857 cuc:

230 2887 358 2956 toribus
370 2890 483 2956 coevis
508 2890 721 2973 consulentes,
749 2898 907 2957 vetustum
935 2890 1063 2961 dicendi
1089 2893 1245 2960 rationem

231 3011 441 3090 commutent,
458 3011 556 3090 utque
574 3004 621 3071 ite
636 3005 731 3072 nobis
750 3024 809 3072 nec
825 3006 919 3073 utilia
940 3025 1000 3074 nec
1018 3027 1142 3074 cmoenn
1163 3029 1247 3095 prae·

232 3118 322 3200 tent,
337 3120 460 3207 quippe
473 3120 533 3205 qui
548 3138 652 3204 neque
663 3139 788 3187 merum
808 3120 931 3208 stylum
943 3141 1048 3208 neque
1063 3142 1179 3208 puram
1189 3143 1246 3190 cu·

229 3233 349 3320 jusque
363 3235 411 3302 rei
422 3233 563 3302 indolem
577 3233 807 3316 exhibuerunt,
826 3241 859 3301 ct
878 3236 1101 3303 rivoscolores
1119 3235 1248 3304 adulte·
1280 3300 1283 3305 .

233 3356 358 3435 rerunt,
379 3349 483 3417 fontes
508 3350 683 3417 turbarunt
702 3349 943 3437 limpidissimos
964 3371 1002 3417 cc
1021 3352 1248 3419 blandissimos

234 3471 332 3549 atque
346 3463 554 3548 miscuerunt,
572 3466 648 3531 vitri
665 3464 869 3553 splendorem
883 3485 940 3552 per
952 3466 1041 3551 quod
1054 3467 1250 3536 translucido

271 3731 296 3778 t.
311 3725 340 3779 S.
351 3721 534 3794 ucuphraste
546 3721 662 3778 codicem
672 3722 807 3778 recenset
818 3724 925 3778 Oriente
938 3722 1052 3779 relatum
1061 3726 1103 3780 vir
1115 3725 1145 3779 in
1156 3725 1252 3781 Grecis

235 3806 332 3860 litteris
347 3805 515 3876 nugacissimo
527 3809 646 3860 versatus
656 3809 736 3875 utque
745 3805 896 3861 incredibili
912 3822 973 3878 erge
988 3807 1086 3863 drocen
1098 3808 1252 3863 benovolen-

236 3889 275 3944 tic
291 3889 419 3960 preditus
438 3890 479 3945 Β.
502 3891 586 3960 ltgger
604 3902 710 3944 mecum
732 3889 925 3946 humanissimo
947 3891 1165 3946 communicavit.
1195 3894 1253 3947 lmo

236 3973 324 4043 lligne
332 3973 363 4028 in
374 3975 640 4042 rctrooctcmucm
648 3973 852 4045 llctcplrrmtem
863 3974 940 4031 nobis
950 3990 1005 4031 ecce
1018 3975 1183 4031 inserturum
1194 3976 1253 4046 pol-

236 4057 325 4114 licitus
337 4061 387 4115 ecl.

1111 4174 1131 4232 2
