3300 5272
538 451 901 500 mmmmm.
1185 432 1226 502 Μ

222 585 356 658 trahere
367 595 535 681 poterant.
555 587 581 653 Α
598 578 729 653 balneis
744 595 858 653 autem
874 594 908 653 et
921 581 964 663 ab
983 581 1093 677 epulis
1110 582 1142 653 ei
1159 595 1233 656 erat

223 704 484 798 abstinendum3
502 704 716 802 barbamque
742 717 776 777 et
798 703 940 802 capillos
960 705 992 777 ei
1014 705 1232 779 interdictum

223 831 332 924 alere3
351 829 554 904 mulieribus
584 830 689 903 etiam
710 859 724 894 ι
744 823 835 927 nigri
850 829 1001 926 pulveris
1019 827 1123 903 ductu
1147 854 1231 903 ocu·

168 1000 174 1013 ι
221 952 983 1051 lorumlineamentadepingare»‚seeundum
994 977 1232 1052 moremgom·

222 1081 399 1179 misquoet
416 1078 611 1176 margaritis
627 1079 800 1165 exornari,
818 1077 958 1151 inlicere
980 1102 1129 1168 comam,
1145 1080 1230 1151 seri·

223 1206 273 1277 cis
297 1204 429 1295 vestiri,
462 1215 537 1277 tum
560 1200 814 1300 prohibitum.
851 1205 1022 1276 Praeterea
1050 1203 1232 1300 oportebat

228 1329 454 1428 «impensius
482 1350 615 1426 rogare,
640 1324 731 1398 diem
763 1325 858 1399 luctu
880 1328 1083 1424 transigere,
1110 1327 1234 1426 vigiliis

223 1467 343 1528 noctes
360 1477 401 1525 ae
423 1451 563 1525 fletibus
580 1450 719 1559 ducere,
741 1462 879 1547 tempus
900 1473 1004 1524 omne
1031 1451 1234 1550 lacrymosis

222 1575 522 1652 lamentationibus
543 1598 725 1672 occupare,
751 1585 879 1647 stratos
897 1575 969 1649 solo
994 1575 1181 1666 adherere,
1200 1580 1234 1650 in

224 1701 338 1772 cincre
355 1711 391 1771 et
406 1696 518 1771 cilicio
540 1707 575 1770 et
594 1694 754 1770 sordibus
769 1695 930 1788 volutari,
954 1709 1033 1793 post
1052 1696 1234 1772 indumen·

225 1839 300 1897 tum
331 1822 456 1896 Christi
491 1820 662 1919 perditum
693 1820 827 1894 nullum
849 1827 924 1919 jam
942 1820 1027 1893 relle
1056 1824 1230 1905 restitum,

223 1960 303 2047 post
316 1946 443 2022 diaboli
470 1945 587 2020 eibum
609 1944 711 2019 malle
731 1947 913 2044 jeJnnium,
944 1947 1048 2044 justis
1072 1946 1235 2044 operibus

225 2052 437 2162 incumbere,
458 2069 584 2168 quibus
606 2080 749 2168 paccata
771 2082 973 2167 purgantur,
1004 2070 1234 2170 eleemosynis
1281 2109 1285 2118 ·

226 2197 423 2293 frequenter
440 2196 614 2285 insistere,
636 2190 762 2290 quibus
781 2217 803 2264 a
820 2202 931 2264 morte
948 2195 1073 2279 animm
1093 2194 1223 2269 liberan

227 2333 316 2394 tur2.
342 2353 356 2382 n
387 2318 454 2392 Sed
475 2350 489 2384 (ι
510 2329 590 2392 ante
611 2318 750 2416 expiata
765 2315 902 2409 delicta,
924 2329 1004 2392 ante
1019 2320 1237 2418 exomologe-

226 2448 293 2518 sim
321 2446 448 2516 lactam
477 2443 642 2533 oriminis,
671 2452 748 2514 anto
771 2453 954 2540 purgatam
985 2444 1234 2517 conscientiam

226 2569 404 2642 sacrificiis
421 2582 455 2641 et
471 2591 576 2640 manu
593 2563 793 2653 sacerdotis,
820 2575 900 2639 ante
922 2566 1095 2652 cilensam
1116 2567 1233 2664 placa-

227 2706 298 2764 tam
321 2692 527 2790 indignantis
554 2691 693 2762 Domini
708 2701 742 2760 ct
759 2690 922 2762 minantis
943 2722 956 2754 a
982 2693 1053 2762 vim
1068 2692 1193 2764 inlerre
1208 2695 1236 2765 si

227 2841 405 2890 saeromm
418 2816 602 2914 participes
613 2825 727 2886 essent
738 2812 837 2910 lapsi,
851 2812 1116 2888 declarabantur
1134 2846 1148 2879 α
1165 2840 1238 2888 eor-

227 2937 1324 3039 pmfflmmfflmmmmmmmmfflm‘

227 3081 330 3163 atque
353 3089 411 3138 ore
433 3064 629 3161 delinquere
651 3085 755 3160 quam
781 3086 860 3135 eum
880 3064 1069 3136 Dominum
1092 3087 1237 3163 negare·

227 3179 1300 3279 rwstmfflffifflmmfflmfflm,

229 3315 369 3408 antiqua
377 3311 421 3386 ab
435 3314 597 3409 episeopo
611 3312 821 3406 recepissent
829 3316 920 3406 jura,
937 3322 1012 3382 tum
1031 3341 1044 3375 ι
1062 3323 1237 3383 certamen

228 3437 353 3509 milites
365 3447 518 3532 repetere
533 3446 691 3532 poterant
704 3446 804 3530 atque
819 3435 930 3506 aciem
947 3432 1106 3507 iterarcl.
1129 3466 1143 3499 s

277 3559 460 3634 Christiani
485 3556 626 3655 quidem
656 3581 736 3630 eum
763 3559 925 3657 episeopo
956 3558 1138 3633 ecclesiam
1173 3560 1237 3632 ha·

266 3878 287 3919 1.
306 3865 442 3935 Cypriam,
454 3865 487 3917 de
500 3867 602 3930 Lepon,
616 3861 786 3930 potissimum
794 3875 851 3929 cap.
862 3860 940 3914 XXX.

264 3962 287 4004 a.
304 3954 456 4018 Delapsa,
466 3947 567 4001 XXXV.

264 4044 288 4089 3.
304 4041 343 4089 Dc
355 4038 457 4102 nomo,
469 4031 625 4088 oxoniensis
635 4028 767 4090 editionis,
783 4045 807 4082 c.
819 4044 875 4083 xrs.

263 4128 286 4172 t.
307 4125 343 4172 De
356 4122 459 4185 Lopstr,
472 4117 585 4172 XXXVI.
