3300 5272
631 472 804 522 inerrato.
1052 459 1055 465 ‘
1188 449 1223 516 ll

221 608 275 686 sit,
290 601 365 668 iude
375 601 471 668 etiam
480 619 670 686 cognoscere
683 600 729 664 ias
741 607 801 683 est,
813 599 901 684 qaod
910 617 993 683 supe
1002 599 1183 683 sepiusque
1197 608 1229 663 et

222 735 271 782 res
283 724 316 780 et
330 714 417 785 risos
430 715 650 797 immutamus,
667 715 814 799 quamvis
831 732 897 779 uno
912 721 1041 798 aspectu
1054 713 1226 781 cernimus.

221 830 319 897 Aliud
335 849 375 897 ox
392 830 456 896 alio
480 831 541 896 iter
565 830 758 916 suscipitur;
777 830 953 914 spectacula
972 829 1160 914 spectaculis
1172 847 1229 892 aa·

223 946 367 1026 riantur;
384 945 533 1029 sequitur
546 963 623 1010 vero
639 944 723 1010 idem
737 963 855 1010 comes.

221 1181 359 1257 agantur
383 1174 504 1258 videre,
518 1191 729 1258 quacumque
754 1174 900 1239 dicautur
921 1172 1034 1239 audire
1052 1174 1144 1256 licet3
1163 1175 1230 1240 fra·

221 1298 308 1355 trum
331 1297 364 1355 ot
385 1290 501 1372 quovis
522 1289 575 1355 die
592 1296 623 1353 et
646 1289 758 1374 quavis
773 1289 854 1353 hora
869 1289 1052 1373 conspicere
1076 1290 1229 1355 exercita·

221 1404 335 1468 tiones.
358 1402 452 1468 blodo
472 1402 849 1487 tranquillisecaeuobiis
866 1403 1174 1470 turbulentissimam
1190 1402 1232 1470 ad

221 1519 447 1603 imperantium
459 1519 558 1584 vitam
568 1517 761 1602 demigrans,
776 1519 955 1602 potentium
967 1537 1071 1583 mores
1083 1518 1227 1601 intueris,

224 1640 356 1699 venatus
376 1633 514 1709 seilicet,
542 1634 638 1699 festas
667 1633 784 1715 drapes,
810 1640 972 1716 equestres
996 1633 1228 1717 procursiouas,

221 1747 288 1813 dies
306 1750 456 1832 geniales,
474 1749 557 1813 bella
577 1755 634 1813 aut
650 1746 811 1814 bellorum
830 1748 999 1831 imagines.
1014 1750 1082 1829 lta,
1095 1749 1232 1832 exempli

222 1882 334 1945 causo,
365 1863 471 1929 duleis
497 1864 632 1928 Walteri
658 1863 698 1928 de
727 1863 885 1931 Birbacbo
913 1863 1047 1929 historia
1077 1863 1232 1947 equestris

223 1997 338 2063 pugnae
376 1980 490 2045 borum
512 1979 758 2069 simulacrorum
783 1978 900 2061 quibus
923 1996 1124 2062 summopere
1149 1997 1231 2062 qua·

222 2093 386 2176 dringeuis
408 2093 524 2158 abhinc
541 2093 634 2158 aunis
663 2091 837 2157 nubilosae
852 2092 1006 2157 militares
1024 2094 1083 2158 viri
1098 2093 1232 2159 delecta·

223 2210 340 2278 bantur
353 2207 618 2292 jucundissimam
640 2206 743 2290 injicit
757 2208 961 2272 mentionem.
980 2208 1152 2273 Walterius
1166 2208 1231 2292 igi·

222 2331 277 2387 tur
298 2299 354 2388 ille
379 2323 438 2407 qui
457 2322 673 2388 Brabaatiuus
691 2323 770 2386 civis
784 2330 853 2386 erat
867 2342 905 2387 ac
918 2321 1079 2388 natalibus
1098 2311 1246 2406 insiguis'

227 2468 239 2493 «ι
259 2456 334 2503 cum
347 2445 542 2521 prepararet
555 2457 589 2502 se
603 2434 644 2501 ad
657 2435 819 2519 quoddam
831 2445 1100 2518 torneamentum,
1118 2439 1232 2504 milites

223 2552 343 2618 habeus
358 2553 391 2617 iu
407 2556 572 2636 comitatu,
592 2553 777 2635 veniretque
798 2552 839 2617 ad
861 2554 1030 2617 Ecclesiam
1046 2552 1228 2637 quamdam,

221 2666 296 2731 illos
310 2673 347 2733 ut
362 2668 490 2733 Missam
500 2667 610 2731 audire
623 2667 739 2732 vallent
751 2667 951 2732 hortabatur.
966 2698 987 2726 ,υ
1000 2703 1044 2715 --
1053 2667 1147 2748 Quod
1160 2687 1232 2734 cum

118 2764 122 2783 ’
222 2789 384 2865 negarent,
403 2783 572 2865 religiosus
588 2783 639 2846 vir
661 2783 695 2846 in
713 2784 833 2866 templo
847 2783 936 2848 solus
954 2791 1071 2849 manet.
1096 2787 1137 2848 At
1158 2803 1232 2849 vero

222 2896 280 2981 qui
297 2914 387 2963 sacro
400 2896 528 2963 functas
548 2906 630 2974 erat,
648 2915 763 2980 pugnae
774 2905 927 2981 susceptae
941 2896 1076 2979 quidam
1094 2904 1189 2963 testes
1203 2899 1233 2963 ai

222 3018 408 3077 occurrunt.
424 3013 511 3093 Quos
525 3011 625 3094 igitur
641 3011 855 3093 interrogatus
871 3034 878 3074 :
897 3042 967 3062 ω-
977 3015 1031 3077 Est
1045 3031 1097 3091 ae,
1111 3011 1231 3096 inquit,

222 3125 328 3190 adbuc
339 3124 762 3210 inceptuml-Direntibus
771 3126 837 3190 illis
848 3129 954 3207 eliam,
968 3125 1077 3210 adjicit
1088 3125 1233 3206 z-Quis

223 3240 340 3305 fortius
354 3239 442 3323 egit?
453 3277 496 3287 —
505 3242 709 3326 Respondent
726 3262 734 3303 ι
752 3242 907 3306 Dominus
922 3241 1095 3306 Walterius
1109 3242 1149 3306 de
1161 3242 1232 3306 Bir-

223 3353 336 3419 bacbo.
357 3383 371 3408 ·
385 3356 495 3418 -llir
508 3374 595 3438 saue,
609 3357 756 3440 quamvis
766 3375 785 3420 a
797 3374 912 3441 paguae
921 3356 1116 3437 sceualouge
1127 3372 1231 3421 remo-

224 3475 276 3534 tus
288 3467 412 3549 luisset,
429 3470 579 3552 quamvis
598 3472 667 3535 «sit
684 3470 819 3535 mortale
837 3476 1000 3554 peecatum
1016 3476 1232 3533 torneamenta

223 3602 370 3648 exercere
391 3613 404 3638 n
428 3586 562 3667 egregiae
576 3584 743 3668 dulcisque
763 3585 904 3648 victoriae
926 3584 1076 3668 inclytam
1097 3584 1233 3668 palmam

223 3700 374 3782 consequi
387 3703 475 3765 visus
490 3706 558 3764 erat
573 3698 597 3760 ¹.
615 3699 757 3764 Divitum
775 3706 880 3764 autem
904 3700 944 3763 ab
962 3706 1090 3784 aspecta
1105 3717 1142 3765 ac
1155 3696 1234 3764 dcli·

223 3812 281 3879 ciis
301 3813 342 3878 ad
361 3814 518 3879 infinitam
537 3833 635 3897 quam
654 3815 792 3879 maxime
803 3815 993 3880 miserorum
1009 3816 1135 3880 turbam
1146 3820 1232 3878 tran-

260 4075 283 4117 t.
301 4066 533 4134 Bollaadistamm,
545 4073 565 4121 t.
579 4069 610 4131 tt,
619 4069 688 4127 lau„
701 4083 729 4135 p.
740 4073 797 4120 tlt.
