3300 5272
599 423 647 482 tit·
669 421 922 482 constemus.
1258 432 1312 483 251

202 622 297 687 ματα.
321 604 366 666 At
389 623 441 666 me
463 603 615 667 consolor
636 603 704 691 ipse
727 603 817 668 domi
841 619 992 693 reputans
1019 626 1117 692 quam
1144 627 1229 694 saepe
1257 605 1316 670 viri

200 726 303 790 multo
335 749 387 790 me
415 725 605 792 eruditiores
636 743 668 791 et
700 748 814 817 magna
848 727 1113 815 meritissimaque
1144 727 1318 818 diligentiae

202 849 298 914 iaude
321 847 473 916 florentes
489 873 529 916 eo
545 852 747 939 peccaverint
772 850 882 916 modo.
900 851 1029 916 Alicobi
1047 867 1149 916 errata
1165 851 1199 916 id
1215 873 1317 942 genus

201 996 297 1062 quum
316 975 519 1040 emendarem
536 984 624 1059 mei,
642 975 870 1066 negligentiam
889 975 1106 1058 redemtums,
1123 999 1185 1066 pro
1201 976 1319 1042 menda

202 1118 393 1186 unaquaque
428 1100 662 1164 correctionem
697 1099 762 1163 loci
793 1098 925 1183 alicujus
955 1096 1131 1163 offerebam
1164 1099 1317 1163 criticam.

202 1220 301 1301 Quod
326 1237 358 1286 et
382 1220 479 1288 hodie
508 1224 633 1288 faciam.
656 1222 771 1289 Florus
800 1246 830 1303 a,
849 1246 887 1302 α,
911 1223 948 1288 3ι
969 1245 977 1286 :
997 1223 1172 1304 «Quantus
1196 1245 1217 1287 0
1242 1239 1320 1287 tunc

201 1346 382 1436 triumphus
396 1362 585 1437 tempestate
598 1347 780 1429 intercidit,
798 1372 896 1436 (ptum
912 1348 1064 1438 opulenta
1079 1347 1185 1438 praeda
1199 1347 1321 1430 classis,

202 1467 341 1534 adversis
367 1488 437 1536 acta
472 1473 596 1553 ventis,
625 1472 792 1562 naufragio
819 1496 880 1537 suo
907 1472 1048 1538 Africam
1078 1488 1111 1537 et
1135 1473 1259 1561 Syrtes,
1288 1485 1321 1535 et

202 1592 349 1657 omnium
373 1597 459 1682 ripas
479 1595 642 1684 gentium,
673 1595 849 1661 insularum
875 1595 969 1660 litore
998 1596 1144 1685 implevit
1158 1598 1186 1659 »Ι
1212 1594 1320 1659 Verba

203 1746 215 1770 ·
233 1717 378 1782 omnium
408 1718 494 1807 ripas
518 1720 663 1810 gentium
678 1751 691 1776 ν
709 1743 727 1784 e
743 1722 931 1806 conjectura
952 1719 1069 1785 Graevii
1086 1718 1244 1785 editiones
1269 1719 1320 1782 in·

203 1864 308 1930 gressa
322 1859 397 1908 sunt
410 1867 470 1932 pro
485 1844 624 1909 lectione
639 1844 788 1910 codicum
804 1878 816 1901 ιι
831 1846 977 1910 omnium
992 1846 1126 1935 imperia
1139 1845 1318 1936 gentium».

204 1966 245 2029 Et
265 1967 320 2052 qui
350 1965 383 2030 id
411 1967 572 2057 recipiunt
597 1991 631 2032 se
656 1984 777 2032 textum
806 1970 898 2033 aitant
925 1970 1115 2035 restituisse.
1145 1967 1208 2033 Sed
1238 1984 1319 2058 puto

203 2087 336 2152 Florum
361 2106 428 2153 non
443 2090 526 2155 adeo
543 2090 640 2156 fuisse
656 2094 803 2178 jejunum
832 2108 869 2156 ut
891 2094 975 2181 ripas
992 2096 1143 2181 jungeret
1159 2116 1194 2157 ac
1210 2093 1319 2158 litora.

195 2213 357 2303 ,Propone
379 2215 464 2303 quod
492 2215 618 2281 ridetur
631 2217 710 2281 mihi
728 2216 857 2305 quidem
886 2217 1015 2299 melius,
1039 2217 1165 2283 facilius
1189 2217 1320 2299 saitem,

202 2366 215 2392 α
230 2358 371 2427 emporia
388 2368 409 2401 ν.

247 2439 333 2523 Επεὶ).ι
358 2459 410 2543 ι8,
445 2484 472 2524 1.
495 2462 637 2526 Avianus
663 2485 671 2527 a
703 2463 871 2528 «Immitis
897 2465 1013 2527 Boreas
1041 2461 1252 2551 placidusque
1278 2460 1321 2526 ad

205 2583 309 2649 sidera
337 2584 478 2651 Phoebus
506 2587 616 2677 Iurgia
646 2610 718 2651 cum
749 2609 866 2676 magno
899 2609 1087 2652 conseruere
1115 2587 1209 2669 Jove,
1239 2585 1321 2670 Quis

204 2708 293 2797 prior
306 2708 469 2798 inceptum
493 2725 624 2799 peragat
648 2708 855 2798 mediumque
871 2733 929 2798 per
945 2710 1058 2774 orbern
1075 2709 1236 2798 Carpebat
1249 2707 1323 2774 soii·

203 2847 271 2896 mm
288 2830 374 2896 forte
389 2833 495 2896 viator
509 2832 569 2897 iter
590 2867 708 2898 ......
732 2835 813 2916 Quae
825 2832 919 2899 valde
934 2847 1082 2899 contorte
1098 2848 1174 2897 sunt
1188 2831 1274 2897 dicta
1289 2842 1322 2896 et

203 2957 348 3023 obscure.
374 2958 495 3023 Forsan
511 2981 519 3023 ε
535 2989 547 3014 ι
562 2959 643 3040 Quis
665 2960 755 3047 prior
768 2959 933 3048 inceptum
959 2972 1096 3047 peragat
1113 2955 1321 3044 Mediamqne

203 3102 262 3170 per
276 3080 391 3146 urbem
405 3082 558 3170 carpebat
572 3111 585 3135 υ
604 3129 612 3148 .
627 3128 634 3144 .
649 3104 674 3163 .;
691 3081 736 3144 Ut
751 3081 793 3145 sit
810 3112 823 3136 a
840 3104 928 3169 que»
953 3103 1014 3169 pro
1028 3079 1235 3160 transitione,
1262 3100 1320 3167 pro

204 3236 218 3261 ι
234 3220 340 3270 autem
356 3228 385 3286 νς
411 3202 464 3269 vel
480 3235 492 3259 a
508 3204 647 3270 mediam
673 3227 749 3270 ecce
767 3228 824 3295 per
839 3205 952 3269 urbem
971 3251 1023 3268 ...
1039 3226 1071 3287 »3
1099 3202 1168 3284 vel,
1193 3215 1321 3267 servato

203 3357 217 3383 ι
233 3328 347 3394 orbem
361 3358 388 3410 υ,
413 3350 523 3393 sensus
539 3330 599 3392 erit
612 3330 767 3393 viatorem
791 3329 851 3392 iter
870 3348 1000 3415 carpere
1016 3346 1074 3413 per
1091 3324 1234 3389 medium
1259 3339 1323 3389 ter·

108 3486 114 3505 ν
204 3477 315 3518 rarum
331 3453 461 3534 orbem,
481 3478 541 3543 qua
558 3455 605 3518 sol
623 3471 671 3519 est
684 3453 943 3519 ferventissimus.

250 3578 329 3645 Faba
362 3577 413 3661 18,
441 3577 474 3661 3,
500 3583 549 3645 13.
580 3581 632 3642 Bis
651 3576 775 3665 σισύραν
794 3592 990 3666 anapestum
1016 3574 1127 3665 posuit
1148 3574 1183 3638 in
1209 3589 1322 3662 quarta

204 3705 301 3787 sede,
328 3726 394 3767 non
416 3704 485 3767 sine
503 3704 686 3792 symmetria
706 3705 845 3790 quaesita.
864 3702 917 3767 Sic
933 3702 968 3765 F.
994 3724 1048 3783 22,
1074 3699 1123 3782 13,
1146 3699 1196 3781 16,
1215 3694 1321 3760 rett-

205 3851 293 3918 μενος
312 3813 495 3915 δακνόμενος
515 3827 696 3892 tribrachos
726 3825 852 3891 faciunt
886 3841 1007 3914 quartae
1042 3822 1146 3906 sedis,
1178 3821 1321 3911 repetitis

205 3977 273 4019 non
289 3952 426 4017 infacete
443 3953 593 4017 numeris.

203 4118 205 4123 .
250 4078 324 4165 Peg.
341 4081 395 4158 42,
413 4096 446 4140 n.
461 4078 491 4152 4.
508 4075 565 4139 Est
579 4070 705 4145 insidia
725 4075 872 4163 epitritus
887 4073 1009 4161 primus
1025 4070 1057 4137 F.
1078 4072 1131 4161 78,
1148 4070 1177 4136 5.

248 4201 327 4265 Fan.
357 4222 409 4287 19,
439 4224 469 4287 7.
499 4198 592 4264 Adde
615 4201 745 4288 Burges.
771 4197 811 4263 ad
830 4199 964 4263 Eumen.
992 4197 1073 4279 8613
1098 4219 1136 4261 ac
1157 4194 1199 4261 de
1221 4195 1322 4263 verbo

207 4319 361 4407 βουκολέω
379 4323 485 4388 Babrii
502 4323 615 4411 fragm.
633 4324 665 4404 6,
684 4346 716 4411 p.
739 4321 812 4402 ²4⁶·
