3300 5272
498 422 643 483 BABRH
671 423 841 484 ursum.
867 425 947 483 cul.
1220 434 1274 485 199

159 584 300 674 singulas
324 585 393 648 sine
419 585 528 651 labore
553 584 744 666 devorabat,
766 600 862 673 atque
888 587 932 650 ita
954 602 1152 655 senectutem
1181 610 1277 674 quam

160 706 273 772 dicunt
295 710 448 798 pinguem
472 710 534 774 sibi
550 725 796 799 comparaverat.

204 858 266 923 Sed
287 875 380 925 cauta
403 859 516 948 vulpes
539 883 608 924 rern
631 860 805 948 suspicata,
830 875 979 947 stansque
1003 860 1133 948 procul,
1161 861 1277 939 «Rex,

160 1007 253 1071 ·quo
270 999 304 1048 tu
321 1000 353 1048 te
366 984 467 1049 habes
482 984 584 1049 modo
603 987 639 1050 n?
655 984 883 1074 interrogabat.

205 1137 264 1199 Cui
290 1136 341 1202 leo
364 1160 372 1200 :
395 1167 408 1194 ι
423 1136 532 1219 Salve,
560 1137 746 1201 animalium
769 1137 879 1226 vulpes
905 1135 1075 1199 carissima.
1095 1134 1184 1217 Quid
1211 1157 1278 1200 non

159 1291 171 1314 ι
189 1259 334 1344 accedis,
356 1276 405 1325 ast
424 1262 548 1326 eminus
574 1284 625 1326 me
643 1261 771 1325 invisis?
787 1262 879 1342 Huc,
897 1258 1081 1324 dulcissima
1096 1284 1222 1342 rerum,
1240 1281 1278 1323 ac

159 1416 172 1441 ι
190 1408 240 1473 me
255 1388 349 1451 variis
364 1387 485 1451 solator
500 1388 708 1453 sermunculis
720 1391 786 1473 jam
800 1385 867 1450 fato
883 1387 1067 1474 proximum
1085 1417 1108 1449 ι.

205 1536 329 1618 «Vive,
355 1537 474 1620 vale»,
501 1537 681 1626 respondit.
715 1569 728 1594 ι
745 1535 809 1602 Sed
845 1537 993 1624 ignosces
1023 1534 1156 1600 abeunti
1185 1536 1277 1601 mihi.

159 1688 172 1711 «
185 1658 360 1722 Multarum
376 1661 462 1724 enirn
478 1658 617 1724 ferorum
638 1684 690 1726 me
703 1660 859 1725 cohibent
873 1660 1022 1748 vestigia,
1039 1682 1172 1747 quorum
1188 1682 1278 1749 egre-

159 1769 347 1847 «'dientium
363 1783 485 1847 nullum
503 1785 586 1872 potis
602 1808 635 1850 es
648 1785 816 1850 ostendere
832 1784 913 1848 mihi
929 1816 950 1848 ι.

205 1932 295 1996 Felix
310 1932 365 2019 qui
382 1955 447 1996 non
466 1949 603 2022 occupat
618 1957 778 2017 errorem,
803 1933 859 1999 sed
875 1934 1010 1998 aliorum
1034 1934 1102 2022 ipse
1118 1934 1276 1998 calamita·

160 2056 244 2120 tibus
261 2055 393 2121 edoctus
407 2057 522 2144 sapuit.

206 2348 254 2411 lta
281 2349 497 2437 quorumdam
524 2350 662 2439 periculo
688 2351 782 2415 nobis
804 2365 922 2415 nostrae
947 2348 1140 2414 documenta
1167 2350 1277 2415 salutis

161 2495 229 2537 esse
247 2471 375 2539 debent.

670 2936 758 3003 CIV.

414 3230 545 3324 crurs
576 3233 1022 3294 rrurruuruuurrus.

206 3604 295 3669 Clam
320 3602 491 3669 mordebat
512 3604 610 3669 canis.
636 3605 819 3669 Fabricatus
833 3620 880 3670 est
895 3605 942 3668 illi
963 3603 1112 3668 dominus
1127 3602 1277 3667 tintinnu-

160 3754 272 3819 bulum
284 3771 316 3821 et
327 3753 498 3845 appendit,
519 3756 627 3843 itaque
641 3772 677 3820 ut
690 3757 801 3846 procul
819 3773 1046 3846 agnosceretur
1060 3754 1144 3820 fecit.

196 4219 233 4266 17.
251 4223 351 4279 Forsan,
370 4218 391 4266 cl
408 4216 429 4265 δ’
444 4216 540 4281 ἄπειμι·
555 4219 604 4281 rel,
621 4220 691 4281 φησί,
777 4217 984 4269 ῖιὴ.(1Π.οοπῖ.
1009 4223 1096 4281 curcy.
1125 4216 1185 4268 rub.
1213 4220 1278 4279 2103

161 4298 202 4343 νῦν
211 4297 231 4345 δ’
243 4297 336 4359 ἄπειμι·
344 4296 481 4360 muruco.
493 4301 545 4347 noc
554 4297 605 4348 fero
613 4299 693 4362 ploret
744 4296 851 4347 Annuus
862 4298 919 4350 rub.
932 4303 956 4349 7.

162 4374 321 4438 magisquod
329 4387 405 4425 sonus
413 4375 447 4425 sit
456 4375 530 4427 idem.
780 4379 800 4426 1.
818 4377 967 4441 Χαλκιύσας)
976 4376 1047 4429 cont.
1056 4374 1114 4428 nl).
1122 4380 1164 4437 99,
1174 4379 1198 4426 7.
