3300 5272
331 528 397 600 166
697 550 739 598 ne
763 504 791 599 s,
818 550 965 599 amarant

325 698 407 749 uero
428 677 466 748 S.
485 673 662 748 ,aldelmus
679 674 795 748 saculi
817 675 957 772 septimi
976 685 1108 762 auctor,
1132 675 1168 744 in
1182 672 1335 744 carmina

325 797 367 873 do
377 797 587 897 Virginibus,
600 795 692 896 apud
702 798 892 887 canisium,
904 796 1091 869 Lectionum
1101 776 1338 889 uotiuuorums

323 922 426 1013 libro,
445 923 554 996 multa
569 921 715 996 canebat
728 922 856 1020 quibus
871 918 1258 1019 apertissimeomnibns
1279 937 1335 990 os·

324 1045 433 1119 tendit
451 1069 486 1118 se
496 1056 649 1142 putasse,
662 1044 698 1116 id
707 1047 870 1118 nimirum
887 1043 980 1142 quod
993 1042 1107 1134 multi,
1124 1043 1229 1115 etiam
1244 1037 1334 1137 apud

324 1182 491 1260 recentes,
510 1171 683 1242 nonsatis
703 1169 1028 1258 animadverterunt,
1047 1168 1258 1264 cyprianum
1274 1165 1336 1260 qui

324 1299 359 1367 in
377 1309 449 1368 arte
463 1296 599 1393 magica
614 1307 769 1368 versatus
787 1308 840 1369 est
852 1294 1108 1367 Antiochenam
1122 1291 1243 1381 inisse,
1265 1311 1334 1362 non

324 1443 490 1519 magnum
510 1422 710 1517 episcopum
726 1418 1067 1515 Carthaginiensem²
1089 1445 1097 1488 :

427 1603 505 1660 'runc
518 1600 641 1661 famosus
650 1611 712 1660 orat
722 1602 874 1678 cyprianus
887 1600 983 1661 irands
995 1602 1093 1675 nugaci

427 1693 533 1750 Doctus
547 1693 577 1749 in
590 1692 728 1750 horrcndo
742 1693 941 1750 sceleratorum
953 1699 1013 1749 erte
1023 1704 1179 1764 magorum,

427 1780 482 1852 Qui
493 1789 560 1839 tnnc
572 1781 708 1839 auxilium
721 1781 876 1856 spondebat
888 1779 960 1840 torro
972 1779 1087 1855 petenti,

430 1869 553 1927 Plurima
567 1870 771 1929 schematisans
781 1885 868 1929 sacrae
881 1869 1024 1928 molimina
1033 1868 1122 1926 menti

428 1960 463 2015 in
475 1967 584 2017 untum
598 1967 630 2017 ut
641 1959 711 2018 diris
722 1967 841 2019 certaret
849 1959 987 2018 daemonis
1000 1957 1096 2017 armis.

373 2095 426 2166 Do
442 2117 513 2192 quo
531 2105 567 2168 et
580 2094 714 2209 Menum
726 2104 855 2168 canunt
868 2092 923 2167 die
939 2092 1094 2168 secunda
1107 2089 1281 2166 octobris:

486 2254 562 2320 Ἇλγνῖ
574 2255 685 2312 Σατανᾶς
695 2255 737 2306 mi
747 2257 822 2306 πάλαι
835 2254 903 2320 φίλον

487 2336 558 2403 Eion
572 2336 688 2403 φιλοῦντα
698 2338 826 2391 συνθανεῖν
841 2339 965 2404 booetius
975 2339 1087 2405 auses·

353 2449 364 2470 ι
487 2423 587 2488 Tadio,
600 2423 723 2491 διντερίῃ,
736 2424 782 2475 σὺν
800 2424 924 2490 'totostoto
935 2423 1083 2492 Κνπριανὸι·

324 2560 484 2656 Cypriani
511 2557 651 2632 tandem
673 2557 766 2640 illius
795 2560 966 2635 confessio
992 2583 1053 2635 seu
1078 2526 1281 2658 poenitebtia
1297 2570 1333 2632 et

324 2682 433 2754 oratio
455 2680 657 2779 quandoque
670 2695 788 2756 nostro
807 2684 998 2758 inconsulte
1014 2682 1153 2772 tributae
1167 2682 1281 2776 iuorc3
1295 2681 1332 2754 in

323 2803 471 2878 editione
495 2806 697 2895 oxoniensi,
729 2806 820 2903 apud
845 2806 1064 2896 Ducendum,
1088 2807 1268 2880 Maranum
1296 2814 1333 2879 ct

324 2926 528 3002 bollandum
542 2928 725 3004 habentur.

371 3057 449 3126 Jam
457 3064 743 3150 aerumnamque
751 3056 916 3146 inunum,
927 3051 1150 3144 utitadicam,
1165 3053 1329 3144 miscens,

322 3191 357 3249 et
379 3175 667 3274 jucundissimam
696 3188 730 3249 et
756 3178 905 3249 maxime
927 3174 1121 3249 fabulosam
1149 3174 1329 3250 historiam

322 3325 427 3398 quam
439 3303 475 3372 in
488 3298 634 3373 latinum
643 3302 746 3373 uertit
754 3299 876 3373 Sunius
891 3298 1077 3372 enormtde
1087 3301 1260 3398 Cypriane
1272 3300 1329 3374 Si·

321 3449 398 3531 meo
408 3425 673 3523 Metaphrastes.
689 3428 774 3499 Cum
783 3449 864 3499 uero
873 3447 1050 3522 nunquam
1063 3424 1328 3521 graecenamatio

249 3556 251 3560 ‘
320 3547 602 3639 illaeditaiuerit,
617 3547 1328 3647 eamexantiquooodiceBibliothecaei’a·

319 3673 472 3746 nisiensis
490 3671 591 3746 nobis
604 3671 737 3746 videtur
751 3654 1221 3770 excombereoperaepretium
1231 3693 1321 3745 esso.

318 3799 450 3894 Nempe
458 3796 720 3870 delectationem
726 3797 832 3870 habet
842 3796 1001 3882 multam,
1016 3806 1218 3894 utpotequae
1231 3796 1325 3870 Grae·

319 3931 561 4018 autumatque
584 3921 754 4017 imprimis
767 3921 1009 4019 Metaphrastae
1026 3943 1141 3995 rerum
1160 3920 1324 3994 mirarum

350 4114 374 4246 b
389 4107 628 4257 {bbbp'biblbbnout
641 4194 661 4243 t
675 4192 707 4257 v,
717 4206 744 4260 p.
757 4197 805 4246 tta
817 4196 843 4244 ot
853 4206 905 4260 sq,
917 4195 944 4245 et
956 4205 984 4260 p.
997 4197 1053 4245 tta.
