3300 5272
317 423 360 494 94
481 439 484 443 ·
629 443 775 493 cuniam
799 443 1019 504 recusassem

316 569 374 644 lud
400 593 470 667 (luo
487 591 609 642 recens
627 592 814 644 conversus
838 571 874 641 in
901 570 1088 669 scriptores
1113 571 1326 645 Christianos

319 693 471 768 studium
487 693 698 795 intendebat.
722 683 862 768 Etenim
885 707 920 768 et
944 694 1088 769 deorum
1105 718 1326 769 romanorum

317 820 519 903 inanitatem
540 827 576 891 et
589 819 652 890 Dei
669 819 840 891 unitatem
857 818 1157 917 comprobaturus,
1178 833 1254 893 tum
1272 842 1329 892 res

318 955 394 1018 tum
413 941 521 1016 rerba
547 963 588 1016 ex
611 942 748 1014 Minutii
769 942 892 1017 Felicis
912 942 1046 1042 dialogo
1073 955 1107 1016 et
1128 942 1327 1017 Tertulliani

318 1066 539 1165 apologeticis
557 1065 654 1139 libris
671 1066 818 1163 accepit.
832 1070 984 1140 AEtatem
1004 1066 1047 1140 ad
1058 1067 1148 1140 hanc
1159 1067 1330 1165 pertinere

318 1188 477 1264 ridentur
498 1200 575 1263 tum
599 1190 783 1265 vorborum
809 1214 1038 1290 sensuumque
1060 1190 1232 1289 splendor,
1254 1203 1329 1264 tum
1366 1286 1369 1291 .

320 1313 412 1388 dicta
428 1314 544 1387 minus
562 1325 724 1389 accurata
736 1316 814 1409 (ita,
831 1325 871 1388 ut
887 1314 1082 1412 exemplum
1102 1314 1262 1405 afferam,
1283 1316 1330 1387 ait

320 1462 425 1532 ropac
441 1451 527 1512 sortc
544 1441 678 1512 cariori
693 1451 727 1511 et
748 1440 916 1511 Christum
936 1441 982 1511 od
999 1463 1133 1534 superos
1149 1463 1333 1535 repressum

320 1565 415 1657 esse).
434 1561 585 1636 Easdem
605 1562 652 1635 ob
671 1563 820 1635 rationes
838 1561 980 1660 hujusce
999 1563 1063 1634 aevi
1081 1573 1134 1634 est
1152 1565 1199 1634 od
1215 1566 1333 1635 Dana-

322 1690 468 1760 trioaum
485 1688 624 1782 epistola
636 1710 707 1784 qua
717 1685 845 1759 Africa
858 1686 1056 1783 proconsuli
1071 1687 1131 1783 qni
1155 1685 1248 1759 mala
1265 1711 1332 1782 pu·

322 1809 414 1883 blica
430 1796 632 1883 Christianis
662 1809 868 1907 imputabat,
897 1808 1050 1883 declarat
1077 1808 1243 1882 Ethnicos
1255 1815 1333 1907 jure

319 1936 442 2031 potiori
456 1957 597 2007 cansam
607 1946 753 2030 etcaput
762 1934 912 2008 cladium
923 1933 1100 2008 habendos
1113 1958 1202 2026 esse,
1213 1944 1333 2030 utpote

321 2060 379 2155 qui
398 2059 618 2157 injustissime
632 2058 790 2155 agebant.
812 2058 944 2147 Quibus
960 2059 994 2130 in
1011 2059 1149 2154 scriptis
1163 2070 1283 2132 auctor
1301 2071 1335 2129 et

322 2182 561 2256 aTertulliano
578 2194 646 2255 eta
664 2182 808 2255 Minutio
827 2181 940 2256 Felice
957 2181 1116 2279 quadam
1135 2195 1169 2254 et
1184 2180 1276 2278 quod
1291 2179 1334 2253 ad
1435 2252 1440 2259 .

321 2329 461 2380 sensum
476 2319 512 2379 et
531 2305 625 2403 quod
646 2306 690 2379 ad
712 2328 813 2378 voces
831 2308 964 2398 attinet,
985 2305 1218 2401 desumpsisse
1235 2304 1335 2402 plane

322 2444 536 2527 compertum
551 2446 616 2503 est.
634 2432 712 2503 Jam
725 2430 870 2503 Minutio
883 2431 958 2528 ipse
969 2428 1200 2503 Tertullianus
1211 2431 1247 2501 in
1258 2452 1336 2525 apo

322 2557 466 2655 logatico
476 2579 560 2627 usus
572 2554 720 2647 fuerat1,
737 2551 798 2626 sed
811 2552 926 2627 locum
936 2553 993 2626 hic
1008 2554 1176 2627 afferrain
1186 2576 1254 2650 quo
1267 2576 1336 2626 una

322 2693 357 2751 et
372 2683 420 2753 ll.
438 2679 589 2752 Felicem
602 2688 637 2751 ct
649 2677 896 2750 Tertullianum
913 2679 972 2774 qui
983 2684 1057 2775 jam
1072 2678 1177 2774 priori
1196 2675 1334 2750 studue-

323 2817 388 2893 rat,
405 2806 595 2902 Cyprianus
608 2804 765 2876 imitatus
779 2825 820 2874 ac
835 2815 1039 2876 consecutus
1058 2815 1123 2891 est,
1145 2802 1193 2875 rei
1212 2815 1335 2875 nostrae

324 2928 398 3001 fore
425 2928 578 3001 arbitrati
610 2953 754 3019 sumus,
788 2929 981 3001 Lactantius
1008 2951 1051 3001 ex
1079 2931 1216 3002 Octavio
1239 2926 1336 3024 plura

324 3052 462 3126 haurire
478 3054 582 3125 etiam
596 3050 690 3126 baud
710 3050 901 3143 dubitavit;
927 3053 1184 3150 Cyprianusque
1205 3053 1280 3147 ipse
1301 3051 1334 3120 in

325 3177 469 3276 epistola
491 3178 536 3249 ad
563 3181 728 3249 Donatum
750 3182 824 3273 jam
852 3176 987 3249 Minutii
1019 3176 1170 3275 uestigiis
1200 3176 1337 3247 instite-

326 3320 379 3375 rat
394 3311 421 3373 ².

363 3566 384 3611 t.
401 3560 439 3612 De
458 3561 559 3610 octcott
577 3561 653 3612 autc
668 3562 696 3611 et
712 3556 783 3628 stylo
800 3557 897 3611 videsis
915 3562 950 3610 Le
969 3561 1076 3624 Nourry
1100 3555 1153 3610 viri
1178 3552 1337 3609 benedictini

326 3639 546 3695 dissertationem.

361 3735 386 3779 2.
403 3728 479 3781 lianc
488 3730 576 3780 umen
588 3725 678 3779 locum
690 3723 800 3793 indicat,
816 3726 860 3781 vir
870 3740 933 3780 sane
943 3725 1045 3788 doctus,
1056 3730 1086 3778 ut
1096 3722 1259 3794 cyprianum
1269 3723 1338 3777 inter

326 3811 497 3877 Christianos,
510 3808 559 3880 qui
570 3808 742 3879 philosophiae
754 3825 879 3880 campum
890 3811 1037 3864 exaraverit
1046 3809 1164 3880 primum
1178 3808 1257 3863 luisse
1266 3821 1337 3861 corn·

328 3894 460 3965 probaret.
472 3897 569 3956 Fabre,
581 3907 608 3962 p.
620 3900 661 3948 ³7.
