3300 5272
320 487 364 562 ii
525 478 526 481 '
620 510 659 561 os
685 509 882 563 caurorum-2
910 512 1027 563 sussen

317 652 473 714 veterum
495 641 582 714 ritus
597 639 768 732 uolebant,
786 639 930 715 alterum
950 662 1034 716 vero
1054 640 1269 718 humanitate
1287 644 1329 718 li·

52 827 55 836 .
182 814 185 819 »
317 775 492 837 matorum
501 760 1325 862 quimaritimisinlittoribussoiebantbabitare,

319 889 449 987 quique
475 880 530 962 vel
559 885 696 960 civitate
717 884 948 981 donabantur,
978 887 1034 964 rel
1053 912 1149 965 more
1164 888 1329 966 vivebant

317 1014 475 1085 romano.
753 1012 757 1017 ’
920 1091 923 1096 ,
1179 1011 1181 1014 ’
1215 1010 1219 1021 “

367 1120 555 1234 Nunquam
571 1136 663 1209 enim
678 1137 839 1228 Romani,
858 1136 1004 1211 subacto
1015 1139 1196 1212 Poenorum
1215 1137 1328 1237 impe·

318 1261 392 1353 rio,
426 1257 596 1336 Numidas
628 1259 782 1357 aliosque
810 1259 938 1334 Africae
969 1260 1155 1357 populares
1186 1259 1327 1336 domare

319 1385 460 1458 omnino
501 1395 700 1482 potuemut.
729 1388 888 1484 Namque
925 1395 967 1457 ut
1002 1386 1172 1485 Hispania
1208 1386 1329 1461 Airita

320 1509 442 1605 quovis
468 1505 504 1580 in
526 1529 602 1580 aevo
624 1506 690 1579 fuit
716 1517 752 1581 et
770 1506 925 1581 locorum
949 1518 984 1578 et
1003 1507 1157 1581 virorum
1183 1509 1328 1608 ingeniis

320 1631 402 1704 utto
418 1630 607 1726 reparando
621 1632 812 1724 aptissima.
828 1630 921 1704 Huio
935 1653 1017 1703 sane
1033 1629 1129 1705 orbis
1140 1633 1228 1730 parti
1247 1657 1330 1707 eou-

320 1755 397 1853 tigit
414 1768 455 1828 nt
482 1776 620 1851 semper
635 1754 796 1852 gentibus
821 1776 863 1828 ao
890 1754 1087 1829 civitatibus
1113 1756 1329 1853 politissimis

321 1876 461 1951 barbari
480 1876 618 1950 finitimi
639 1888 769 1950 essent.
796 1880 908 1975 Atque
925 1880 1003 1975 ipsa
1023 1880 1206 1977 Augustini
1229 1890 1329 1955 aetate

322 2002 596 2101 Hipponensium
629 2012 664 2074 et
685 2000 1020 2099 Carthaginiensium
1044 2002 1143 2077 villas
1173 2006 1330 2079 maximo

323 2123 420 2198 onitu
442 2119 627 2196 adornatas
644 2134 721 2196 tum
748 2122 871 2215 Mauri,
898 2132 973 2196 tum
995 2124 1234 2217 Garamantes,
1254 2137 1330 2200 tum

323 2248 438 2322 emtori
454 2244 627 2322 interdum
648 2242 957 2344 depredabantur-3
980 2252 1123 2345 jamque
1140 2247 1326 2348 bastagas,

321 2373 407 2447 inito
435 2381 560 2471 paeto,
601 2371 830 2469 presentique
860 2372 1009 2469 pecunia
1047 2381 1248 2470 protegere,
1286 2397 1329 2448 ue

321 2519 464 2595 prorsus
480 2496 599 2570 omnia
612 2495 854 2593 diriperentur,
873 2494 988 2568 inritis
1006 2496 1112 2570 etiam
1124 2497 1328 2589 viatoribus,

322 2618 506 2694 admodum
522 2640 664 2694 neeesse
690 2614 914 2693 videbatur1.
944 2620 1086 2717 iusuper
1102 2610 1211 2694 servis
1232 2621 1330 2696 littus

322 2739 540 2837 abundabat,
561 2764 645 2816 nam
669 2741 841 2842 Carthago
864 2764 935 2815 non
951 2741 1058 2817 modo
1081 2753 1194 2818 remes
1214 2754 1251 2818 et
1267 2768 1331 2843 pe·

322 2888 426 2959 oure,
449 2863 512 2939 sed
536 2874 573 2939 et
598 2865 773 2964 mancipia
798 2864 1018 2939 mercabatur
1035 2877 1064 2937 ².
1097 2866 1330 2954 Quamobrem

321 2988 1332 3087 onmooioniis,munioipiis,oothonibusiruunturuietores

290 3124 293 3129 '
320 3116 543 3214 quienmqne,
565 3136 647 3188 rere
664 3114 741 3188 Afri
762 3136 825 3213 per
841 3112 988 3207 fundos,
1007 3136 1073 3212 per
1091 3111 1247 3210 deserta,
1265 3110 1332 3215 ⁵per

320 3241 415 3314 looos
437 3240 567 3314 amari
581 3239 846 3332 remotissimos,
866 3239 998 3336 antiqui
1019 3238 1172 3313 Orientis
1183 3238 1331 3337 patriar·

322 3363 466 3439 charum
489 3362 641 3462 priscum
662 3368 770 3462 agrum
795 3363 917 3436 vitam.
943 3363 1073 3458 Neque
1091 3380 1176 3436 uero
1203 3360 1331 3462 elapsis

323 3484 471 3578 saeoulis,
483 3485 595 3582 neque
606 3484 770 3558 revolutis
783 3504 846 3584 per
861 3483 976 3558 uarias
988 3484 1083 3559 vioes
1096 3483 1251 3582 quinque
1263 3485 1332 3558 im·

322 3610 427 3707 pariis
457 3608 634 3706 ingenium
659 3609 863 3683 Africanum
905 3607 1034 3682 mutari
1071 3608 1197 3705 potuit.
1234 3612 1332 3699 Quos

321 3752 445 3830 nempe
468 3731 673 3805 invenerunt
697 3732 806 3826 Poeui,
836 3754 923 3829 quos
944 3742 981 3806 et
1005 3730 1153 3806 Romani
1175 3743 1216 3806 et
1236 3735 1332 3807 Van·

357 3916 381 3962 10
397 3906 548 3979 ingratia,
566 3913 650 3976 spot.
662 3910 749 3964 XLVI.
761 3937 796 3949 -
811 3906 914 3964 videsis
930 3906 1092 3963 Saintttnm
1107 3904 1229 3962 Girerdiu
1244 3905 1334 3962 doetus

321 3994 354 4050 de
365 3993 444 4048 robus
450 3991 579 4047 Atrioanis
588 3992 839 4058 commentationes,
853 3997 936 4047 derue
948 3993 992 4045 dea
1004 3993 1210 4058 Data-Mondou,
1232 3998 1293 4045 18⁴1
1307 3997 1334 4045 et

324 4085 396 4132 1862.

353 4172 377 4216 2.
394 4159 542 4214 (ordinatis
552 4160 613 4213 binii
627 4161 803 4228 Pultmpsart,
817 4161 860 4218 tlt.
875 4164 956 4214 mat.
985 4158 988 4163 ’
1039 4238 1042 4245 4
