3300 5272
185 381 241 434 m
649 370 832 432 ADDENDA

227 555 304 628 Feb.
321 575 374 636 22,
388 555 417 620 8.
435 555 538 619 Scrib.
552 550 679 642 εἱιιμαίη.
702 554 797 621 conf.
815 554 899 621 Add.
911 554 953 621 ed
966 555 1044 621 Fab.
1054 557 1110 643 98,
1132 579 1160 637 ε,
1177 582 1210 646 p.
1226 556 1300 647 257.

228 681 264 744 F.
292 703 345 762 22,
371 701 403 766 9.
421 678 536 744 Suidas
562 703 636 745 curn
666 683 694 744 A
721 680 926 745 consentiens
945 680 1076 746 exhibet
1097 676 1225 745 ἔτιλλεν.
1248 683 1304 748 Ait

184 803 355 882 Knochius
379 801 509 867 Snidnrn
536 803 720 868 exhibuisse
744 800 864 890 ἔτεμνεν
886 819 960 869 ante
989 804 1181 888 Kusterum,
1207 805 1304 894 quie

186 925 355 997 codicibus
380 943 469 991 recte
486 923 602 989 ἔτιλλεν
623 925 811 1015 prodiderit.
839 930 883 992 At
904 927 967 992 fuit
991 926 1069 993 olim
1095 923 1217 1016 ἔτεμεν,
1236 950 1303 992 non

186 1045 326 1145 ἔτεμνεν,
347 1049 482 1114 testibus
506 1051 578 1138 ipso
598 1051 755 1132 Kuster0,
775 1067 806 1116 et
824 1050 1025 1133 Gnisfordi03
1048 1052 1163 1117 etalio
1182 1053 1251 1116 viro
1268 1051 1302 1117 d.

186 1173 243 1260 qui
260 1171 367 1237 suidae
385 1173 563 1262 principem
581 1172 757 1238 editionem
771 1171 944 1260 diligenter
959 1173 1112 1254 contulit,
1132 1189 1307 1262 monetque

187 1295 250 1361 sibi
274 1291 378 1383 ἔτεμεν
398 1295 499 1361 videri
523 1295 766 1386 praeferendurn.
792 1294 855 1361 Sed
881 1297 1022 1362 admisso
1047 1293 1171 1384 ἔτεμεν,
1194 1320 1305 1363 versus

187 1418 430 1508 pessumdatnr3
457 1419 843 1507 animadvertendumque
868 1421 1000 1508 insuper
1018 1442 1086 1484 non
1113 1419 1305 1485 resecandos

188 1542 288 1609 fnisse
301 1541 454 1633 capillos,
469 1542 722 1624 novellandus,
740 1559 773 1606 et
786 1539 901 1604 ἔτιλλεν
921 1542 1104 1608 confirmari
1118 1566 1169 1608 vv.
1188 1565 1238 1624 10,
1255 1541 1303 1606 23.

233 1665 309 1753 Peg.
332 1664 386 1748 54,
403 1689 435 1729 n.
456 1670 487 1754 4.
503 1665 552 1730 Cf.
572 1690 602 1755 p.
622 1667 675 1752 59,
691 1689 724 1730 n.
739 1665 780 1746 63
799 1669 855 1753 54,
871 1689 904 1731 n.
922 1665 951 1731 3.

232 1790 259 1853 F
261 1788 310 1853 ab.
329 1790 380 1872 26,
403 1811 452 1855 ιο.
470 1789 564 1854 Conf.
582 1811 654 1878 pag.
674 1788 747 1871 182,
763 1789 825 1854 col.
847 1812 872 1853 1.

233 1912 309 2003 Peg.
327 1914 380 2002 59,
398 1936 431 1978 n.
446 1914 477 1979 6.
498 1915 592 2003 etp.
609 1919 662 2004 74,
680 1938 711 1983 n.
732 1913 761 1978 3.

233 2037 312 2111 Fab.
331 2036 385 2119 32,
400 2060 434 2124 9,
456 2061 505 2105 ro.
525 2038 594 2103 Hos
609 2060 719 2103 versus
735 2038 799 2102 sibi
822 2060 861 2102 ex
879 2037 974 2103 Snidn
1002 2052 1098 2103 notos
1125 2039 1211 2103 male
1225 2038 1309 2102 refe

188 2164 280 2231 rebat
296 2163 465 2229 Knochius
481 2163 607 2252 Fragm.
629 2164 667 2229 13
684 2162 724 2227 ad
741 2164 819 2227 Fab.
845 2163 970 2227 Canum
988 2178 1021 2227 et
1035 2163 1203 2251 luporum,
1226 2162 1308 2228 rnihi

190 2287 271 2353 Fob.
289 2286 342 2353 85.

233 2410 313 2475 Fab.
331 2415 382 2478 33.
401 2412 494 2477 Conl'.
511 2411 642 2476 Knoch.
657 2409 735 2474 Fab.
755 2412 784 2476 5.

234 2535 261 2598 F
263 2535 315 2598 ab.
340 2533 393 2616 33,
419 2535 449 2601 3.
472 2535 539 2623 Qui
561 2533 699 2597 contulit
714 2532 822 2598 locum
838 2531 961 2613 suido,
980 2528 1095 2605 νεὸς,ἡ
1112 2526 1222 2593 νεωστὶ
1240 2532 1310 2618 ἤρο-

192 2655 357 2744 τμιασμένη
382 2662 439 2746 γῆ
468 2653 564 2719 «Καί
591 2677 638 2729 τις
661 2652 793 2745 γεωργὸς
819 2651 913 2742 τυρὸν
941 2648 982 2728 εἰς
1008 2651 1070 2716 νεὸν
1093 2650 1216 2743 σπείρας
1239 2647 1309 2716 (Ν-

189 2780 301 2842 λασσεν
316 2778 412 2853 ἑστώς
427 2803 452 2861 ν,
469 2781 656 2863 Knochius,
674 2782 853 2868 anteposito
870 2783 937 2870 ejus
949 2779 1135 2844 anctoritate
1148 2779 1310 2843 Vaticana

191 2905 327 2970 lectioni
352 2902 544 2992 ἐφύλαττεν,
565 2904 694 2994 scripsit
718 2900 879 2990 φύλασσεν.
901 2908 1139 2992 Augmentnm,
1161 2900 1250 2991 quod
1279 2918 1312 2967 et

192 3028 302 3092 inveni
317 3029 351 3092 in
368 3032 408 3110 A,
425 3027 485 3092 luit
498 3029 633 3092 omnino
648 3025 893 3116 praeFerendum.
906 3025 990 3090 Vide
1005 3051 1037 3090 n.
1060 3024 1110 3106 15,
1128 3039 1160 3089 et
1176 3023 1217 3088 od
1232 3023 1310 3091 Feb.

194 3152 251 3234 62,
276 3174 308 3215 n.
338 3176 367 3216 2.
390 3152 431 3215 Et
452 3152 539 3241 ipse,
565 3149 653 3239 qnod
671 3148 859 3239 spondaeum
881 3150 945 3213 snei
955 3148 1077 3214 codicis
1093 3145 1188 3224 νειὸν,
1207 3147 1313 3213 Suidae

194 3274 302 3340 iambo
318 3274 383 3337 νεὸν
402 3273 614 3364 praetulerim‚
633 3296 701 3337 non
719 3270 855 3336 videbor
873 3274 900 3335 ei
925 3270 1104 3359 culpandus
1123 3273 1181 3359 qui
1202 3273 1314 3360 legerit

194 3414 306 3465 notam
323 3397 364 3463 ad
381 3400 417 3463 F.
435 3397 491 3485 95,
512 3421 565 3486 70·

238 3525 265 3588 F
266 3525 321 3590 ab.
339 3523 395 3606 33,
411 3524 441 3589 8.
459 3521 543 3589 Vide
557 3520 599 3586 od
615 3522 652 3584 F.
666 3521 720 3600 62,
733 3543 764 3582 n.
781 3542 811 3582 2.
830 3519 887 3582 Vir
901 3518 932 3583 d.
946 3520 1001 3607 qui
1018 3520 1125 3607 ᾐτήκει
1143 3542 1214 3584 esse
1232 3518 1314 3584 dixit

195 3648 229 3711 in
250 3647 423 3725 Vaticano,
448 3644 606 3709 memoria
627 3642 806 3707 fallebatur.
830 3641 907 3706 Esse
926 3635 1018 3704 ἰθύνεει
1031 3643 1065 3706 in
1080 3641 1236 3707 Vaticano
1252 3658 1315 3708 nn-

197 3771 280 3837 didit
293 3770 399 3836 editor
412 3770 439 3833 F
440 3769 632 3832 lorentinns.

240 3899 267 3962 F
267 3898 317 3962 ab.
337 3895 390 3960 36.
404 3890 591 3981 Legendnm
607 3913 614 3952 :
633 3904 665 3952 at
680 3911 739 3952 nos
755 3889 1006 3953 incurvescimus

241 4022 319 4089 Fab.
344 4021 399 4100 38,
431 4041 458 4082 t.
480 4015 588 4086 Velim
609 4013 742 4078 rescribi
759 4013 865 4077 ionice
882 4007 1007 4100 ἀγρίην,
1026 4009 1150 4076 collatis
1166 4012 1243 4083 Fnb.
1260 4013 1317 4096 δι,

200 4131 236 4212 5;
252 4128 309 4212 82,
328 4153 355 4192 ι.

242 4253 320 4317 Fah,
336 4250 392 4333 43,
410 4249 440 4314 3.
456 4248 520 4314 Pro
533 4237 619 4308 σκιὰν
637 4241 888 4330 reponosottoiv,
907 4265 945 4307 nc
958 4240 1032 4306 vide
1041 4239 1077 4304 F.
1095 4263 1211 4322 120‚n.
1230 4265 1257 4306 t.
1278 4239 1316 4305 ld
