3300 5272
75 2114 209 2322 fi

777 447 933 507 estun
967 428 1141 504 ruautla
1172 440 1288 513 xxxi.
1556 450 1593 496 aa

521 616 656 702 Jamque
672 613 972 702 advesperascebat,
987 622 1024 675 et:
1035 607 1173 698 lapicida
1186 605 1335 670 nondum
1351 604 1514 668 invenerat
1526 627 1596 666 ern-

479 731 628 804 torem.]..
647 755 758 828 pactus
775 737 852 827 ipsis
868 760 902 800 se
919 757 1015 800 mane
1031 735 1179 822 proximo
1195 745 1306 795 rursus
1325 736 1546 806 ostensurum,
1570 730 1596 791 si

478 867 637 930 venirent.

522 990 581 1050 Ast
596 985 794 1049 Mercurium
814 985 920 1071 ipsum
938 985 971 1044 in
992 980 1193 1044 somniorum
1222 978 1323 1066 portis
1350 975 1433 1039 vidit
1460 974 1595 1062 lapicida

481 1110 662 1189 dormiens3
677 1108 757 1172 vidit
771 1106 953 1170 dicentem:
967 1132 981 1159 ι
996 1104 1073 1168 Fata
1087 1125 1175 1166 nunc
1189 1125 1260 1166 mea
1273 1103 1335 1164 tuis
1349 1100 1440 1188 quasi
1454 1099 1597 1163 lancibus

480 1267 492 1292 ν
512 1237 669 1325 imponis3
685 1258 764 1299 num
780 1236 867 1298 enim
882 1256 935 1297 me
949 1248 1114 1296 mortuum
1129 1247 1183 1295 aut
1198 1229 1295 1295 deum
1310 1229 1455 1294 facies...
1475 1263 1486 1285 ·

978 1667 1104 1731 xxxl.

795 1926 1017 2018 nosratn
1043 1956 1100 2014 nr
1130 1955 1291 2016 nonas.

526 2277 672 2341 Musteiae
688 2292 720 2341 et
744 2298 852 2339 mures
870 2275 947 2339 oiim
974 2275 1059 2338 inter
1077 2297 1147 2338 sese
1170 2274 1292 2338 bellum
1313 2277 1471 2363 gerebant
1486 2278 1600 2366 impla·

483 2399 587 2462 cubile
603 2421 729 2487 semper
752 2397 950 2486 plenumque
972 2397 1154 2461 cruoribus.
1182 2397 1223 2459 Et
1249 2399 1393 2463 mustelae
1418 2376 1600 2466 vincebant.

483 2525 594 2588 Mures
621 2539 727 2587 autem
754 2524 912 2611 putabant
938 2522 1023 2586 hanc
1045 2545 1112 2586 esse
1137 2520 1237 2585 cladis
1258 2546 1385 2587 causam
1407 2548 1487 2607 suae‚
1513 2525 1602 2614 quod

483 2646 581 2712 duces
595 2671 661 2711 non
679 2648 837 2711 haberent
851 2647 1062 2735 conspicuos,
1081 2669 1269 2735 semperque
1285 2647 1496 2714 inordinatim
1511 2651 1601 2715 subi-

482 2787 555 2838 rent
574 2771 769 2836 discrimina.

481 3164 538 3200 sirm
567 3162 655 3214 pompa
683 3147 798 3197 itinerrre
822 3149 904 3196 statua
933 3145 1013 3194 inachi

481 3229 573 3278 briento
581 3225 693 3286 iuranda,
705 3228 787 3276 narrat
797 3230 868 3288 poeta
879 3222 1015 3286 virginibus

482 3309 608 3360 eburicius
630 3319 660 3355 ac
674 3305 773 3355 Tiresiae
788 3305 904 3354 tabulam.
920 3305 1013 3351 Interea

482 3399 571 3452 pompa
591 3383 660 3435 tarde
683 3383 805 3446 procedit,
822 3386 848 3431 et
864 3379 897 3429 ob
920 3378 1014 3442 pondus

482 3472 585 3526 statuae,
595 3469 621 3513 et
630 3461 697 3526 quod
714 3462 769 3524 ipsa
785 3460 928 3523 religionum
941 3458 1014 3520 maie

482 3551 532 3598 stas
542 3559 556 3594 a
568 3543 691 3594 celeritate
708 3540 782 3591 eundi
800 3540 877 3589 atiena
890 3545 946 3600 est;
965 3540 1015 3589 fieri

483 3628 558 3679 etiam
580 3624 698 3675 stationes
723 3621 794 3670 vaide
816 3626 855 3669 est
875 3619 1015 3683 probabile,

484 3721 546 3771 quas
560 3707 623 3756 inter
636 3714 767 3753 nervorum
781 3702 916 3750 concentus
930 3702 956 3747 et
971 3712 1016 3747 ro·

484 3800 541 3838 cnm
558 3786 632 3849 lyrica
647 3780 786 3832 canentium
803 3778 977 3838 audiebantur,
989 3777 1018 3825 si·

484 3868 598 3931 iebttque
616 3861 785 3914 callimachus.
804 3866 838 3909 Αο
856 3858 936 3908 denuo
956 3858 1017 3907 inoe

484 3947 597 3998 dentibus
614 3941 744 4002 ministris,
755 3940 861 3989 nauseat
873 3937 913 3986 iiia
931 3937 1015 3987 ἐσανσ·

484 4019 1016 4093 monasolutumnarrationisoontextum

485 4121 514 4158 ac
540 4099 620 4169 quaei'
636 4101 702 4150 flium
728 4099 861 4149 resarciret.
891 4096 1017 4146 monendis

486 4187 572 4246 oeulis,
585 4186 648 4235 inter
659 4183 763 4232 disticha
772 4179 877 4242 spatium
888 4178 934 4227 erit
945 4179 1015 4226 relin-

487 4268 609 4332 quendum
618 4265 739 4325 deinceps,
750 4260 809 4308 mibi
819 4259 839 4308 si
848 4257 961 4307 crealiter.

519 4355 542 4408 5,
560 4350 582 4396 7.
600 4342 700 4393 suidas:
713 4341 843 4403 λιθουργός,
857 4338 1015 4400 interiturae.

521 4433 556 4476 10.
576 4424 647 4485 Mt.
664 4416 890 4483 propositurum,
908 4418 937 4470 ιί.
947 4415 1018 4478 Quod

1068 3143 1170 3194 reddidi.
1182 3145 1228 3195 sed
1237 3160 1314 3209 quum
1327 3147 1395 3197 iocos
1404 3151 1437 3197 sit
1446 3149 1556 3211 mutilus,
1568 3152 1603 3200 ni·

1067 3225 1101 3275 bii
1111 3226 1181 3276 iaoiie
1198 3226 1296 3277 decerni
1313 3230 1402 3290 potest.
1414 3233 1469 3278 Post
1478 3230 1543 3280 bunc
1552 3244 1604 3279 ver·

1067 3318 1122 3354 sum
1136 3307 1209 3355 estin
1222 3314 1240 3356 Λ
1254 3307 1350 3368 lacuna,
1362 3306 1485 3371 adscripto
1494 3310 1575 3358 λιίπιι.

1098 3383 1154 3433 Feb.
1177 3390 1256 3435 xxxi.
1275 3386 1343 3436 coni.
1365 3392 1441 3449 corcy
1470 3387 1526 3436 fab.
1547 3392 1601 3455 itt,

1067 3477 1092 3527 p.
1108 3470 1161 3525 159,
1179 3469 1234 3526 382,
1246 3468 1308 3524 38&
1320 3467 1425 3516 Knochii
1436 3473 1530 3529 fragm.
1545 3473 1584 3518 tt.

1104 3552 1123 3605 Ι,
1142 3550 1166 3594 3.
1179 3554 1206 3601 Α,
1219 3550 1282 3608 pise.
1295 3551 1358 3595 Bene
1370 3547 1428 3608 μύας
1438 3559 1461 3595 r.
1476 3553 1512 3596 to.

1102 3632 1124 3674 2.
1143 3626 1243 3675 suidas:
1258 3627 1371 3677 ἄσπονδοι
1386 3628 1474 3692 ἐχθροὶ,
1494 3629 1601 3678 &trou-

1069 3715 1130 3751 κτοι·
1140 3703 1270 3752 ἄσπειστον
1279 3705 1378 3769 ἰχθρσν,
1390 3705 1507 3755 ἀσπονδον
1519 3711 1597 3770 μῖσος.

1101 3789 1125 3832 6.
1144 3793 1172 3845 Α,
1184 3785 1306 3842 ἀτάκτους.
1319 3785 1407 3848 scripsi
1418 3786 1531 3843 ἀτάκτως.
1541 3791 1602 3836 Nam

1070 3862 1205 3913 subeuntur
1221 3866 1322 3915 κίνδυνοι
1339 3863 1461 3926 ἀτάκτως,
1480 3880 1529 3916 non
1546 3866 1601 3916 ἆτο-

1069 3959 1128 3992 uror.
1145 3942 1190 3992 sed
1202 3947 1401 4004 argumentorum
1418 3944 1538 4008 simplicia
1554 3961 1604 3997 non

1069 4022 1127 4072 tatis
1142 4027 1201 4072 sunt
1217 4023 1319 4084 criticis,
1336 4036 1397 4086 quos
1413 4023 1508 4086 dicunt,
1521 4027 1605 4077 rerba.

1069 4102 1143 4162 libus,
1158 4106 1184 4152 ct
1200 4102 1325 4153 ostendam
1344 4101 1376 4153 ob
1394 4104 1517 4154 scribendi
1539 4121 1603 4156 com·

1069 4179 1156 4243 peruiia
1171 4182 1321 4242 permutatos
1338 4181 1400 4231 iines
1416 4199 1455 4238 ους
1466 4186 1492 4232 et
1502 4201 1543 4241 ως.
1560 4191 1603 4247 Ly·

1069 4258 1117 4309 sits
1134 4261 1158 4306 in
1188 4261 1306 4309 Emiosib.
1329 4259 1344 4322 §
1369 4264 1401 4310 36
1421 4280 1427 4309 :
1447 4262 1603 4325 ὁμολογοῦσιν

1070 4335 1159 4389 ἑκόντες
1179 4337 1278 4392 πολλοὺς
1300 4342 1347 4385 τῶν
1370 4340 1472 4389 πολιτῶν
1496 4342 1603 4404 ἀκρίτους

1070 4413 1243 4462 ἀποκτιννύναι.
1266 4417 1350 4465 iuveni
1371 4416 1471 4482 ιὀιρίτιος
1489 4418 1515 4468 in
1537 4418 1604 4469 vati

1447 4539 1459 4574 b
