3300 5272
611 383 661 442 ET
681 381 938 443 cotttttntm'ttn.
1278 393 1334 444 ²55

216 562 359 654 κόρατα,
384 561 475 655 ὑγρὸν
503 551 606 654 ὕδωρ,
628 560 761 654 πέλαγος
787 561 894 654 ὑγρὸν,
925 562 1014 655 ὑγρὸν
1045 546 1175 653 Ῐσρκηνοῦ
1204 561 1335 658 ρόεθρον,

130 766 132 771 Ι
216 688 311 754 facilc
337 688 407 754 fem
430 674 581 776 ὑδρόεντα
606 674 710 751 δόνακι
739 683 858 777 χλωρὸν
887 685 1046 777 Εὐρώταν.
1066 689 1129 755 Sed
1148 714 1246 778 quum
1267 692 1334 758 dun

216 815 356 902 epitheta
372 811 489 878 dentur
505 809 656 900 Εὐρώτᾳ,
674 810 799 876 nullum
822 799 945 891 δόνακι,
964 835 1030 877 nnn
1047 811 1230 903 displiceret
1252 814 1337 906 legi,

218 933 271 1000 τὸν
287 924 424 1026 ὑδρόεντι
438 923 546 1000 δόνακι
558 933 676 1024 χλωρὸν
691 934 849 1026 Εὐρώταν.

259 1062 339 1126 Fab.
364 1059 419 1144 55,
438 1061 468 1127 3.
495 1064 708 1151 Augrnentum
734 1060 1057 1150 plustptmnperfecti‚
1078 1062 1165 1151 qood
1187 1062 1262 1129 dedi
1278 1067 1335 1129 Ba·

215 1187 304 1265 brio,
333 1184 477 1250 auferam
502 1184 617 1249 lubens
633 1185 762 1273 Sibyltae
789 1185 835 1249 sic
852 1183 945 1248 etlitae
967 1209 994 1266 1,
1012 1184 1055 1265 34
1073 1209 1080 1249 :
1096 1179 1152 1267 θεῷ
1166 1179 1223 1276 γὰρ
1240 1180 1334 1250 πάντ’

214 1309 368 1396 ίμσρηλει.
397 1309 594 1374 Praetulerim
611 1309 797 1373 varietatem
814 1305 918 1371 πάντα
938 1310 1076 1397 ρεριηλει.
1096 1309 1160 1374 Sed
1177 1310 1224 1374 ibi
1239 1327 1289 1376 est
1302 1328 1335 1378 et

214 1432 301 1499 aliud
326 1431 416 1522 quoel
436 1431 719 1498 animadvertetur.
734 1433 848 1523 Agitur
864 1432 905 1498 de
928 1434 1040 1522 primis
1057 1435 1182 1523 generis
1201 1436 1332 1501 hinnnni

213 1559 421 1647 parentibus,
448 1557 547 1622 vitam
577 1555 683 1621 adhuc
713 1556 886 1622 innocuam
921 1560 956 1623 in
974 1559 1126 1624 Paradiso
1153 1561 1333 1649 agentibus.

213 1682 289 1746 Visa
302 1697 433 1770 repente
444 1681 510 1744 Em
523 1681 751 1768 pulcherrime,
768 1680 868 1747 Adam
883 1681 964 1774 μίγα
980 1680 1065 1772 θυμῷ
1080 1682 1182 1773 Θαῦρι’
1205 1683 1271 1775 ἔχεν

213 1796 275 1868 οἷον
294 1802 404 1894 όρᾶται
418 1789 593 1868 ireseum
612 1798 754 1892 μίμημα·
774 1808 877 1894 σοφοῖς
899 1794 928 1868 δ’
943 1797 1086 1895 ipsiius
1107 1803 1211 1896 ρόθοις
1230 1808 1331 1875 Αὑτο-

213 1920 337 2016 ριοίτσισι
359 1925 455 2017 ρίονσι
477 1911 549 2011 (θεῷ
565 1921 623 2017 γὰρ
642 1924 747 1992 ποίντα
767 1920 922 2018 ριεριηλει)·
940 1929 1024 1995 Οότε
1041 1925 1099 2022 γὰρ
1116 1928 1247 2021 ἀκρασίῃ
1263 1931 1331 1997 νόον

213 2047 359 2130 ἔσκεπον,
377 2048 447 2113 οὔτε
470 2047 523 2138 pis
543 2038 622 2113 αἰδῶ
644 2032 807 2140 Ᾰριρεχον,
827 2050 895 2117 ἀλλ’
915 2047 992 2124 ἦσαν
1017 2043 1156 2144 κραδίαις
1182 2051 1330 2122 ἀπάνευθε

212 2178 330 2238 κακοῖο.
354 2174 413 2238 Est
436 2159 590 2261 κραδίαις,
613 2196 673 2262 pro
698 2173 826 2263 vulgato
840 2162 986 2263 κραδίης,
1004 2179 1186 2264 conjectura
1198 2178 1330 2244 editoris

193 2288 195 2291 ’
212 2299 266 2387 qui
281 2321 410 2363 sensum
424 2296 519 2378 vidit,
533 2298 770 2363 correctionem
784 2297 969 2364 facillimam
980 2300 1174 2389 praetervidit
1187 2325 1195 2366 z
1209 2301 1331 2367 scilicet

212 2419 418 2487 scribendum
442 2418 505 2483 fuit
520 2406 658 2509 κραδίης.
679 2422 741 2485 Seri
759 2440 791 2487 et
812 2446 863 2486 me
878 2417 1006 2512 ἀκρασίῃ
1023 2422 1168 2512 impedit.
1186 2423 1308 2489 Forsan
1318 2475 1327 2508 ,

210 2532 357 2634 ἀφραδίῃ.
376 2547 434 2610 Est
451 2529 598 2631 εὐρραδία
611 2546 768 2608 sermonis
782 2543 957 2633 elegantin3
970 2545 1090 2634 poterit
1103 2569 1173 2611 esse
1192 2535 1330 2636 ἀρραδία
1468 2610 1474 2623 ,

211 2669 383 2734 silentium.

254 2794 333 2858 Fab.
352 2793 403 2858 58.
427 2792 512 2857 Vide
529 2795 654 2880 Burges.
674 2791 784 2856 Dianio
799 2792 933 2858 classico
955 2808 979 2858 t
997 2792 1052 2875 25,
1069 2818 1101 2883 p.
1127 2792 1179 2859 25.

255 2917 332 3006 Peg.
349 2921 424 2998 116,
445 2916 510 2981 col.
532 2940 559 2981 r.
576 2915 736 3004 Eilipseos
747 2915 894 3002 adjectivi
916 2919 1033 3005 πλήρης
1053 2918 1198 3008 exempla
1211 2920 1329 2986 videsis

210 3057 243 3106 et
256 3044 291 3107 F.
309 3064 414 3129 ομ,
433 3041 486 3122 34,
503 3040 531 3105 3.

253 3165 332 3230 Feb.
348 3163 401 3245 61,
420 3189 450 3252 7.
471 3167 509 3247 Α,
527 3158 584 3226 αἰεί.
604 3163 653 3228 Cf.
668 3188 698 3254 p.
716 3161 770 3246 88,
785 3188 816 3229 n.
836 3188 920 3252 ¹3P·
943 3187 1016 3249 τοο,
1034 3189 1065 3230 n.
1082 3171 1113 3245 4.

253 3288 327 3376 Png.
359 3311 431 3374 ιτς),
457 3310 489 3351 n.
517 3287 550 3353 8.
572 3289 686 3352 Ferme
711 3289 765 3352 hic
793 3311 910 3377 anceps
934 3304 984 3353 est
1010 3289 1101 3377 optio
1125 3290 1326 3376 pronominis

209 3417 304 3476 τοῦτο
321 3412 370 3476 vei
389 3408 503 3474 ταύτό·
523 3427 557 3475 at
573 3434 639 3474 nnn
656 3413 690 3475 in
707 3411 769 3475 isto
785 3410 878 3475 Psclli
892 3410 966 3474 loco
983 3408 1067 3498 apud
1079 3409 1240 3475 Miilerum
1254 3436 1283 3477 v.
1294 3412 1327 3478 d.

208 3533 248 3599 ed
272 3556 470 3622 anonymum
484 3532 525 3598 dc
539 3536 640 3598 Coma
660 3557 693 3621 p.
718 3535 761 3620 69
778 3556 785 3596 :
806 3520 949 3620 θαυμάζω
962 3519 998 3593 δὲ
1011 3532 1088 3620 ὑμᾶς
1103 3531 1165 3614 ότι,
1177 3527 1325 3610 πολλάκις

208 3664 311 3722 ταῦτα
329 3653 530 3731 πεποιηκότες
550 3652 568 3726 ἢ
592 3652 775 3730 πεπονθότες
796 3652 876 3745 igini,
1000 3656 1033 3720 oi
1066 3654 1140 3747 πρὸς
1160 3653 1194 3720 ri
1214 3655 1324 3744 ριίκλον

207 3778 456 3871 ἐσωφρονίσθητε.
478 3782 619 3845 Omnino
636 3781 830 3845 rescribatur
846 3776 954 3843 ταύτά.

251 3908 325 3996 Pag.
356 3928 427 3992 129,
451 3905 513 3969 col.
539 3927 570 3985 2,
600 3929 625 3968 1.
651 3905 725 3969 Non
744 3905 963 3993 importunum
993 3906 1054 3968 erit
1074 3927 1236 3993 apponere
1256 3929 1327 3994 quse

207 4047 330 4096 tontum
345 4028 484 4093 indicavi
497 4028 630 4093 Joannis
643 4029 753 4117 Chrys.
776 4030 890 4110 verba,
908 4050 1006 4115 quum
1021 4028 1224 4093 «censionem
1246 4052 1325 4119 sup·

207 4153 354 4243 peditent
374 4152 531 4216 variantes
554 4149 709 4216 lectiones
731 4174 749 4215 e
770 4150 884 4216 codice
897 4147 1086 4238 proferendi
1097 4151 1244 4217 nondum
1259 4153 1326 4219 col·

206 4276 282 4341 lato.
306 4279 448 4343 Josnnes
470 4275 568 4365 igitur
591 4277 843 4364 Chrysostonms
865 4274 1002 4339 homilis
1024 4289 1099 4362 post·
1118 4274 1277 4342 reditum:
1293 4273 1325 4340 τί
