3300 5272
543 492 672 543 sturnus
698 493 735 542 m
759 493 915 543 uenires.
1190 475 1233 545 55

618 681 637 727 Δ
663 678 834 728 stettttsst.

274 817 416 889 Hecciir
431 816 639 909 Simplicia?

284 990 294 1010 .
309 942 555 1030 ..Hmrmrs1s,
572 938 729 1037 inscript.
746 936 867 1012 incdit.
885 940 1068 1038 exscripsit
1091 942 1231 1033 Guerin,

106 1048 110 1059 ’
226 1063 286 1161 qui
301 1085 343 1136 eo
358 1063 394 1136 in
413 1061 490 1137 loce
503 1061 675 1161 permulta
691 1062 837 1160 vestigia
851 1059 950 1136 vidit.

271 1189 302 1259 A
320 1187 442 1285 majori
458 1185 622 1261 'suburbe
641 1187 690 1259 M.
714 1187 824 1259 xvllt
843 1184 976 1261 distans
995 1185 1161 1284 oppidum
1179 1189 1233 1261 in·

225 1311 334 1409 signe.
350 1353 401 1367 -
416 1312 593 1410 Peuting„
613 1309 779 1383 Antonin.

618 1466 830 1559 t'surnnutt.

271 1628 414 1700 Siaitla.

271 1748 412 1824 AEdium
436 1772 658 1824 remnnamm
677 1762 713 1824 et
735 1750 889 1825 ccclesiae
912 1752 1106 1828 christienae
1127 1756 1236 1830 multa

225 1873 366 1949 indicia.
388 1877 493 1949 Juxta
515 1873 681 1973 oppidum
702 1874 790 1949 illud
811 1874 957 1951 basilica
972 1878 1164 1954 christiane
1183 1880 1233 1954 di·

223 2012 302 2074 ruta
331 1999 479 2093 videtur,
504 2006 601 2097 cujus
620 2000 656 2073 in
678 2000 781 2074 unius
801 2000 971 2076 celumnae
996 2003 1155 2101 capitello
1177 2004 1236 2079 in-
1270 2096 1273 2105 ι

224 2121 384 2197 scribitur
403 2127 540 2196 inlice.
564 2123 705 2198 Gutrin.

272 2249 506 2342 suffetulensis
522 2249 741 2345 episcopusa
759 2248 899 2322 Victore
916 2249 1048 2322 Vitensi
1071 2250 1231 2325 landatur

223 2370 404 2446 Praesidius
417 2372 478 2469 qui
493 2384 527 2446 et
544 2373 578 2443 in
589 2375 718 2445 Notitia
729 2374 918 2470 Byzacenae
933 2373 1091 2470 patribus
1102 2375 1232 2449 adscri-

221 2494 326 2568 bitur.
352 2497 636 2589 Suffetulancrcm
655 2496 813 2568 meminit
839 2496 1019 2595 inscriptio
1032 2497 1125 2596 apud
1143 2498 1231 2574 Maf-

222 2619 328 2693 faenm
344 2643 381 2716 p.
406 2621 491 2709 465,
508 2632 544 2691 et
564 2621 747 2713 Susctolam
762 2618 893 2693 indicat
912 2620 1073 2694 Antonini
1088 2622 1229 2698 itinera-

222 2744 326 2817 rium.
340 2744 627 2837 Suffetclensium,
650 2741 739 2841 apud
759 2743 877 2838 Shaw,
892 2755 920 2818 t.
941 2748 972 2837 1,
987 2769 1025 2843 p.
1043 2747 1129 2822 259.

631 2944 651 2993 r
676 2944 815 2995 surinus.

270 3047 312 3117 Η.
337 3046 449 3117 setta.

270 3170 425 3241 Cocemn
438 3172 609 3240 Svrmmn
622 3167 780 3241 meminit
791 3168 970 3267 inscriptio
981 3169 1148 3245 hactenus
1159 3172 1231 3244 ine·
1348 3218 1351 3224 ψ

222 3290 296 3363 dita
310 3314 415 3389 quem
430 3293 612 3390 exscripsit
629 3292 769 3366 Guerin.

268 3416 384 3488 itiner.
408 3417 490 3488 rint.
517 3439 553 3512 p.
578 3416 626 3486 45
653 3427 688 3488 et
710 3438 765 3512 sq.
795 3418 963 3509 Susetccis
993 3439 1035 3489 ex
1059 3418 1229 3515 episcopis

221 3552 290 3613 tres
309 3550 512 3613 noscuntur.
535 3536 633 3627 Quod
651 3561 733 3611 vero
753 3536 920 3636 oppidum
930 3542 1020 3614 inter
1033 3540 1227 3615 Sufetulam

221 3661 421 3762 praedictem
440 3685 482 3735 ac
499 3664 650 3736 Tuccam
665 3660 968 3737 Terebinthienam
982 3664 1226 3740 edificabatur.

270 3785 441 3863 Grenviile
460 3785 617 3882 Temple.

630 3979 647 4026 Δ
672 3975 823 4028 reterre.

122 4188 127 4197 Ι
272 4111 313 4177 Η.
337 4107 476 4179 Medicel
497 4108 528 4178 et
547 4108 687 4179 Redime
712 4103 755 4180 nd
773 4107 956 4178 Ferianah.
1053 4082 1057 4089 Ι
