3300 5272
500 507 780 558 ctnt'tttotattrlSls
806 511 970 559 Hlsrontt.

373 631 500 703 lngressu
513 630 606 688 reduci
620 632 708 689 solum
722 641 855 706 petentes,

371 719 514 776 Intrarunt
526 720 643 794 Libycos
657 730 768 794 repente
781 722 860 792 lines,

371 807 429 877 Qua
444 810 588 882 Carthago,
603 811 678 884 gravi
690 812 785 884 J'aeens
799 814 888 881 ruina,

373 896 463 951 Dellet
477 898 624 968 praeteritae
637 897 722 955 decus
734 899 865 972 juventae.
882 938 885 943 ι

371 985 425 1040 Hie
439 984 505 1041 dum
521 986 644 1043 basilicas
657 990 715 1044 Deo
729 989 832 1046 dicatas

370 1074 406 1129 Et
418 1075 519 1130 Christi
532 1076 651 1133 subeunt
665 1078 816 1135 veneranda
830 1080 943 1152 templa,

371 1164 495 1219 Cetrium
508 1172 540 1220 ut
552 1172 610 1232 tua,
625 1166 759 1239 Cypriane
772 1176 887 1240 martyr,

370 1254 496 1307 servaret
509 1251 615 1307 loculus
629 1254 768 1326 neglectus
783 1270 853 1311 ossa.

371 1343 441 1398 'lum
456 1356 521 1397 vero
535 1340 621 1397 nimio
635 1341 730 1399 dolore
744 1345 826 1411 moti,

370 1430 407 1483 Et
421 1443 520 1501 magno
531 1427 634 1500 geuiitu
648 1430 742 1500 polum
754 1430 905 1501 intuentes,

371 1517 492 1573 Postulat
505 1517 636 1572 auxilium
650 1519 703 1574 Dei
718 1521 853 1591 perennis,

370 1604 425 1661 Pro
438 1620 504 1677 quo,
518 1612 620 1666 sancte,
635 1605 684 1662 tibi
700 1616 782 1680 eaput
795 1609 914 1665 recisum
929 1617 980 1666 est.

370 1693 406 1749 Et
419 1708 484 1749 mor
498 1692 649 1765 poplitibus
661 1694 797 1765 precando
811 1696 900 1761 flexis,

369 1781 498 1838 Pandunt
510 1783 721 1858 sarcophagum,
736 1784 901 1860 studentque
913 1802 1007 1845 saeros

370 1872 454 1926 Anus
467 1870 602 1942 stringere
616 1871 709 1928 linteis
722 1873 832 1944 paratis,

369 1959 606 2030 committuntque
622 1975 699 2016 sacro
713 1977 812 2034 eorpus
825 1961 934 2020 locello.

371 2049 485 2105 lleenon
499 2048 692 2105 pantaleonis*
709 2066 770 2107 ossa
782 2051 884 2123 raptim

369 2137 483 2194 Tollunt
494 2145 592 2194 euneta
606 2138 697 2207 simul,
712 2139 850 2213 ligantque
864 2140 976 2213 pannis.

368 2225 565 2286 conscendunt
574 2227 677 2284 celeres
691 2236 779 2285 ratem
793 2236 927 2301 paratam,

369 2316 426 2371 Nee
438 2314 502 2373 steri
516 2323 643 2373 metuunt
655 2316 753 2387 pericla
767 2317 856 2388 ponti.

371 2403 493 2477 Egressls
506 2404 603 2461 Arelas
615 2404 706 2476 opima
721 2412 801 2476 portu

368 2490 495 2548 Occurrit
510 2489 626 2562 placido,
639 2491 755 2564 sinuque
770 2493 833 2549 laeto

367 2579 467 2636 Fessos
479 2579 590 2651 exeipit,
603 2595 635 2635 ae
648 2578 722 2635 fovet
734 2579 862 2652 benigne.

368 2670 435 2726 Haeo
448 2685 514 2725 mox
527 2684 591 2725 cum
603 2667 692 2725 audiit
703 2669 824 2741 optimus
837 2670 976 2740 sacerdos,

368 2756 496 2831 Lugduni
511 2755 644 2830 placidam
657 2764 754 2813 tenens
767 2756 937 2828 cathedram,

369 2849 533 2903 Sanctorum
544 2845 644 2903 eximio
657 2845 748 2903 calore
761 2847 882 2921 llagrans

368 2935 569 3008 lutendensque
583 2935 666 2993 saeris
679 2936 779 3008 ubique
791 2937 884 3003 rebus,

367 3025 509 3083 Ledradus
521 3026 535 3062 ²
548 3025 686 3098 specimen
700 3024 835 3097 decusque
848 3025 926 3093 cleri,

366 3116 446 3182 Orat,
460 3115 589 3187 postulat,
604 3114 787 3186 impetratque
799 3116 899 3187 raptim

365 3202 406 3260 Ut
417 3204 588 3261 sanctissima
601 3211 753 3276 martyrum
768 3202 878 3275 piorum

366 3293 476 3349 Nostris
490 3292 627 3350 moenibus
639 3308 700 3348 ossa
714 3291 908 3358 conderentur,

367 3380 495 3453 Lugduni
510 3379 545 3437 ad
559 3380 693 3453 placidam
705 3380 821 3437 loannis
833 3394 911 3437 aram
920 3381 942 3447 ³,

366 3468 421 3538 Qui
432 3468 570 3526 Christum
585 3470 671 3525 vitrea
685 3469 782 3542 rigavit
794 3468 877 3526 unda.

365 3557 426 3614 Illic
439 3572 504 3614 eum
518 3557 601 3615 sociis
614 3557 720 3615 honore
731 3559 807 3615 olaro

331 3709 334 3715 Δ
366 3646 492 3715 Florens,
507 3645 610 3721 inelyte
624 3646 769 3720 Cypriane,
781 3646 888 3704 dormis
897 3648 920 3704 ⁴.

261 3853 283 3900 t.
301 3846 329 3900 S.
341 3842 508 3897 Pantaleouis
514 3841 649 3897 ecelesiam
659 3846 790 3897 vetustate
796 3841 928 3899 labentem
938 3843 1236 3903 restituitlustinlanus.

222 3930 339 3998 Procop,
353 3928 387 3979 de
396 3927 535 3993 AEdptotls,
549 3927 570 3981 l.

258 4022 283 4065 a.
301 4013 339 4065 De
350 4009 476 4070 Ledrado,
487 4010 538 4063 isto
549 4009 648 4065 eonlera
663 4011 734 4063 Gall.
749 4012 850 4063 christ.
861 4012 942 4078 Lupd.
956 4013 1030 4064 dtoec.

257 4103 281 4149 t.
299 4095 421 4166 Lugduni
432 4094 588 4149 cathedralis
596 4093 718 4148 Euolesia.

258 4187 283 4234 l.
299 4179 453 4249 Patmlogioe
464 4177 551 4246 lligne
563 4181 582 4230 t.
597 4178 661 4245 etv,
671 4192 697 4246 p.
712 4185 770 4230 tto.
862 4185 871 4201 ¹
