3300 5272
325 453 390 526 tto
630 475 777 524 emtum
795 474 843 523 nn
867 474 1027 524 baernum

318 624 414 695 nem,
428 602 683 674 immunitatem
701 600 808 675 simul
822 599 953 692 ebibit;
977 612 1013 673 et
1028 620 1096 671 nnn
1117 601 1254 692 avertit,
1272 601 1334 677 rad

317 725 393 800 lixit
411 736 616 823 aspectum
641 737 675 796 at
694 723 877 797 hauriebat
900 725 1009 797 iuriae
1027 736 1063 797 ct
1080 723 1279 816 nesciebam
1300 735 1336 798 et

319 848 553 923 delectabatur
570 848 697 921 scelere
714 849 924 938 certaminis,
946 861 982 921 et
993 861 1145 921 eruenta
1158 847 1336 945 voluptate

317 973 565 1047 inebriebatur.
583 972 673 1060 Quid
691 972 818 1070 plura?
834 973 1022 1068 spectavit,
1042 971 1216 1061 clamavit,
1233 994 1335 1046 exar-

317 1097 382 1189 cit,
402 1098 546 1171 abstulit
567 1097 645 1170 iude
668 1122 786 1171 seeum
801 1097 985 1188 insaniam,
1008 1120 1079 1194 qua
1098 1097 1335 1170 stimularetur

318 1220 429 1296 redire
444 1233 472 1292 ¹.
492 1252 506 1288 t

364 1348 413 1419 m
429 1345 610 1418 bominum
630 1367 738 1442 genus
766 1367 808 1417 eo
831 1343 936 1417 modo
958 1343 1197 1419 crudelitatem
1225 1347 1334 1419 imae

318 1483 458 1569 pectere
488 1470 655 1543 anhelans
681 1472 822 1560 intueri,
846 1495 950 1569 quam
968 1496 1091 1570 grave,
1118 1495 1222 1567 quam
1242 1482 1336 1545 a'cen·
1451 1568 1458 1583 ,

318 1593 402 1669 bum
418 1594 573 1667 rideturl
595 1597 711 1691 ltaque
727 1594 770 1666 nd
792 1596 908 1668 minue
929 1595 1077 1668 molesta
1097 1596 1208 1668 redire
1219 1603 1332 1694 juvat.

318 1722 504 1794 Potissima
525 1732 643 1793 autem
661 1721 846 1795 Christiani
867 1722 985 1794 officia
1002 1724 1038 1794 in
1062 1724 1227 1818 patientia
1244 1734 1279 1795 et
1297 1723 1335 1794 in

317 1846 479 1944 operibus
512 1847 680 1919 contineri
713 1860 848 1946 martyr
879 1847 992 1920 docet.
1028 1849 1184 1920 Primum
1215 1848 1331 1939 enim,

318 1996 399 2045 cum
422 1973 585 2045 Ethniccs
601 1975 694 2045 uires
713 1986 748 2045 et
766 1971 900 2044 decoris
917 1985 952 2044 et
967 1973 1193 2046 humanitatis
1207 1972 1335 2047 oblitae

318 2098 470 2171 maxime
487 2096 531 2168 ed
551 2097 640 2169 iram
664 2120 813 2194 pronos,
830 2110 1011 2195 promptos
1029 2097 1073 2169 ad
1090 2099 1271 2189 ultionem
1291 2093 1337 2169 ud

318 2221 514 2297 nocendum
524 2221 705 2319 proclives,
718 2220 882 2295 infideles
892 2224 1231 2319 sevissimoaganter
1241 2219 1336 2294 vide·

318 2357 384 2436 rct,
395 2343 525 2419 doloris
540 2344 772 2437 tolerantiam,
783 2369 902 2418 veram
915 2347 1129 2443 patientiam,
1146 2345 1335 2419 veluntatis

318 2467 464 2567 denique
490 2470 650 2543 humanm
668 2469 784 2542 divino
811 2494 892 2543 cum
910 2470 1054 2549 arbitrie
1073 2473 1335 2546 consensionem

318 2596 504 2669 aestimaret
521 2620 562 2669 ae
586 2595 790 2693 praedicaret
816 2619 956 2670 necesse
982 2609 1067 2669 erat.
1092 2601 1166 2671 Nec
1191 2595 1335 2672 dubium

318 2718 402 2816 quin
422 2720 579 2815 quassari
599 2742 639 2791 ac
663 2720 832 2792 fluctuare
850 2720 1027 2802 bominem
1051 2721 1088 2791 in
1109 2732 1201 2793 terra
1214 2742 1336 2795 verra·-

320 2854 396 2914 tum
424 2853 604 2938 oporteat3
623 2855 789 2933 attamen,
811 2844 923 2940 inquit
939 2846 1092 2936 Seneca,
1114 2870 1205 2943 carpe
1223 2848 1263 2918 ei
1290 2843 1336 2920 ad

320 2988 384 3038 nae
404 2966 456 3039 ira
476 2967 582 3056 venit,
601 2968 728 3063 saepius
743 2991 806 3038 nos
829 2967 871 3039 nd
886 2967 1007 3041 illam²
1024 3000 1034 3059 3
1053 2969 1126 3043 imo
1145 2971 1250 3043 animi
1265 2969 1337 3067 agis

321 3091 485 3165 tationem
504 3115 545 3165 ae
572 3103 731 3180 motum,
754 3114 891 3187 semper
911 3092 993 3165 licet
1017 3105 1228 3186 tumentem,
1253 3118 1337 3193 qun·

320 3213 401 3289 dam
422 3215 526 3290 mode
545 3214 666 3289 sedare
682 3240 882 3314 possumus.
907 3220 985 3291 lam
1002 3218 1172 3314 aequalem
1188 3242 1336 3293 ease-ra-

321 3342 450 3415 tionem
465 3339 598 3415 dixerat
610 3343 755 3428 Seneca,
771 3342 930 3439 iramque
948 3342 1073 3417 febrim
1089 3341 1334 3431 inordinatam

320 3463 587 3562 necquidquam
616 3489 782 3564 magnum
804 3464 926 3539 heberi
955 3467 1019 3543 nisi
1049 3464 1141 3563 quod
1169 3465 1276 3539 simul
1300 3474 1336 3543 'at

283 3662 289 3673 ,
320 3585 508 3686 placidum.
547 3591 666 3687 Neque
709 3612 796 3663 vero:
832 3588 951 3664 iaudat
995 3602 1130 3668 tantum
1173 3592 1366 3668 stabilem'

320 3713 415 3788 illam
443 3714 549 3787 animi
590 3713 716 3788 eedem·
735 3736 841 3810 quam
877 3715 989 3788 Graeci
1025 3717 1166 3810 attactae
1193 3725 1333 3816 renunt,

319 3837 603 3936 tranquillitatem
646 3837 812 3911 nimirum
856 3836 930 3935 qua
979 3840 1170 3917 «arumnav
1198 3854 1337 3936 cetnper

359 4045 380 4091 t.
396 4042 423 4095 S.
433 4040 558 4109 angust,
576 4040 837 4108 corsarton.,tv1‚
852 4056 877 4096 c.
889 4048 916 4095 8.

356 4133 381 4179 t.
400 4129 510 4191 Delrn,
522 4123 543 4177 l.
557 4125 635 4191 lll,e.
654 4133 693 4180 tr.
