3300 5272
526 511 804 561 canrnaorutarsrs
830 512 993 562 orsaorsa.
1221 490 1266 562 89

262 643 346 729 Quae
378 662 460 713 sane
490 640 616 713 sentire
643 618 830 737 incipiebat
855 642 1057 738 Cyprianus,
1085 662 1164 712 cum
1192 647 1266 737 jam

261 765 388 837 Christi
399 762 577 861 discipulis
590 773 626 837 ot
643 786 764 838 aurem
779 773 815 837 et
828 765 983 838 animum
999 762 1189 837 adhiberet.

309 889 492 961 Enimvero
513 887 669 961 Caecilius
684 887 867 987 presbyter
879 910 984 986 quem
998 910 1072 960 esse
1091 885 1265 961 Caecilium
1392 888 1396 895 ‘

260 1011 358 1085 illum
379 1012 569 1086 in'Minutii
589 1010 713 1086 Felicis
730 1010 865 1111 dialogo
886 1021 1038 1087 actorem
1058 1010 1158 1085 multi
1174 1010 1266 1084 arbi-

259 1147 406 1225 trantur,
434 1160 515 1210 eum
534 1135 601 1210 sibi
625 1136 832 1235 adjungebat
852 1147 887 1210 et
909 1138 945 1209 iu
963 1148 1079 1233 portes
1095 1159 1177 1209 suas
1195 1147 1265 1208 tra·

259 1259 379 1333 hebet.
406 1263 452 1333 At
474 1262 592 1335 rhetor
616 1261 671 1333 ille
707 1295 720 1326 a
753 1265 899 1358 stipatus
925 1261 1101 1334 clientium
1134 1259 1265 1348 cuneis,

262 1384 462 1482 frequentiae
477 1385 641 1458 comitatu
659 1384 806 1458 officiosi
823 1384 970 1482 agminis
989 1384 1228 1472 honestatus¹‚
1250 1415 1263 1446 r

261 1519 301 1579 ut
314 1519 489 1599 moserat,
516 1539 530 1573 a
551 1508 732 1582 tenacibus
745 1507 917 1581 illecebris
934 1541 947 1573 a
964 1507 1179 1604 voluptatum
1192 1507 1268 1579 alli·

261 1643 378 1730 gatus,
400 1631 543 1705 allectus
559 1631 728 1724 libertate,
752 1645 935 1730 poetarum
956 1644 991 1705 et
1008 1630 1138 1706 fabulis
1159 1629 1270 1704 delec-

262 1767 367 1848 tatus,
385 1758 422 1829 in
448 1758 579 1830 incerto
599 1757 751 1831 habebat
771 1756 855 1853 quid
873 1757 1007 1831 consilii
1031 1768 1182 1855 caperet.
1205 1757 1268 1828 dt-

261 1903 328 1976 que
348 1892 388 1954 ut
408 1881 496 1954 alter
519 1881 646 1956 Africae
668 1882 879 1956 clarissimus
903 1882 1022 1956 rhetor
1042 1903 1145 1979 quem
1166 1881 1269 1952 etiam

260 2003 379 2077 mundi
411 2003 541 2078 deliciae
575 2007 780 2100 innodarent,
816 2007 1007 2104 Cyprianus
1041 2004 1271 2079 indesinenter

259 2127 452 2202 fluctuabat
474 2141 509 2203 et
536 2129 771 2204 acerbissimis
793 2129 969 2204 doloribus
986 2128 1218 2203 cruciabatur.
1238 2131 1269 2201 Α
1342 2185 1356 2198 .

259 2255 367 2326 veteri
390 2252 484 2328 cultu
502 2253 547 2327 od
570 2257 802 2329 Christianam
828 2254 1045 2353 disciplinam
1062 2255 1217 2325 virorum
1235 2264 1270 2323 et

260 2379 331 2450 acri
346 2379 482 2476 ingenio
496 2379 660 2453 etlitteris
674 2380 824 2477 antiquis
839 2380 1077 2478 prestantium
1091 2376 1266 2451 transitio-

260 2527 340 2575 nem
351 2503 447 2576 illam
461 2505 730 2577 animadvertere
747 2527 818 2576 non
830 2528 1020 2600 possumus
1030 2505 1112 2601 quin
1127 2524 1269 2599 magno-

259 2649 340 2722 pere
355 2650 648 2700 commoveamur.
664 2629 863 2704 Notissimae
875 2652 957 2702 uero
971 2641 1052 2702 sunt
1063 2627 1192 2700 chartae
1201 2625 1268 2701 illae

260 2753 358 2846 quasi
375 2751 538 2848 lacrymis
551 2751 729 2826 madentes
744 2753 871 2850 quibus
884 2755 989 2826 animi
1002 2754 1056 2825 sui
1070 2751 1265 2842 historiam,

258 2886 297 2946 ut
313 2876 362 2947 ite
379 2875 506 2964 dicam,
525 2879 649 2974 aperit,
671 2878 799 2975 quibus
817 2891 851 2951 et
871 2877 1032 2952 desiderii
1045 2876 1267 2949 acerbitatem

258 3012 294 3070 et
315 2998 511 3097 cupiditatis
531 2999 690 3075 ardorem
706 3015 742 3076 et
761 2999 803 3074 ad
823 3003 940 3077 lutura
957 3004 1107 3099 impetus
1121 3013 1155 3074 et
1175 2999 1267 3073 redi·

260 3137 318 3196 tus
348 3122 393 3196 ad
410 3127 582 3222 praeterita
607 3128 776 3200 memoria
808 3128 897 3199 tristi
921 3125 1023 3198 simul
1046 3148 1087 3196 ac
1110 3122 1202 3196 dulei
1225 3121 1269 3194 ad

258 3251 375 3320 nuum
410 3249 556 3346 effingit.
587 3253 637 3323 lta
671 3274 787 3324 secum
819 3252 1007 3348 Cyprianus
1034 3248 1268 3322 conversionis

259 3386 332 3443 tum
361 3372 625 3446 amaritudinem
652 3387 727 3447 tum
755 3373 969 3446 dulcedinem
997 3373 1170 3446 volvebat.
1196 3373 1269 3444 Viri

259 3495 362 3591 igitur
380 3496 439 3593 qui
458 3495 797 3593 opulentissimorum
815 3522 912 3572 moro
933 3503 1169 3571 Romanorum
1192 3518 1269 3569 ma·

259 3619 381 3714 gnifica
410 3618 663 3713 induebantur,
692 3630 752 3721 qui
785 3620 828 3696 ad
860 3622 1008 3695 bonores
1036 3620 1270 3695 ascendebant

259 3743 504 3839 amplissimos,
527 3747 587 3842 qui
606 3745 868 3843 inquibuslibet
887 3747 1116 3844 voluptatibus
1136 3747 1269 3820 voluta·

260 3867 408 3959 bantur,
437 3868 708 3944 Christianorum
736 3885 874 3946 tenuem
896 3896 1076 3966 mensam,
1098 3869 1269 3968 plebeiam

296 4153 318 4198 t.
338 4149 429 4216 cypr„
440 4152 526 4215 reptet.
538 4152 558 4210 l,
569 4163 608 4201 m.
