3300 5272
547 468 674 517 rrnruus
697 468 737 516 ur
762 467 915 518 uoursus.
1186 444 1232 545 39

227 595 272 667 tis
285 593 437 692 ignibus,
458 594 594 691 quantis
606 593 730 694 gladiis
743 619 830 692 opus
845 594 930 668 orit!
948 590 1041 681 Quid
1057 593 1133 691 ipsa
1150 594 1232 667 Car·

227 718 332 817 tbago
349 741 496 815 passura
507 731 574 813 ost,
590 717 794 794 decimanda
809 731 891 811 ato,
907 740 988 792 oum
1005 717 1231 816 propinquos,

227 863 309 932 oum
327 838 586 914 oontubornaios
604 865 686 915 suos
697 839 767 915 illio
786 841 1024 937 unusquisque
1041 839 1231 937 agnoverit,

226 989 307 1039 oum
324 962 449 1039 viderit
461 965 533 1040 illio
551 967 700 1040 fortasse
722 975 758 1039 ot
778 966 827 1040 tui
851 962 980 1038 ordinis
999 964 1091 1037 viros
1106 974 1143 1036 et
1161 986 1235 1035 ma·

226 1102 358 1183 nouos,
372 1102 408 1163 ot
419 1090 625 1189 principales
637 1113 793 1189 quasque
806 1112 984 1190 personas,
996 1100 1031 1162 et
1041 1088 1233 1162 amicorum

226 1227 367 1289 tuorum
381 1213 435 1288 vol
453 1216 666 1314 propinquos
683 1215 738 1289 vel
756 1214 917 1289 amicos?
933 1217 1041 1286 Pareo
1058 1236 1139 1312 orgo
1154 1210 1230 1303 tibi,

226 1339 347 1412 sium
361 1338 483 1430 nobis,
508 1363 613 1437 parco
637 1338 856 1439 Carthagini,
877 1339 995 1412 sinon
1025 1335 1111 1430 tibi;
1131 1359 1235 1434 paros

225 1463 411 1560 provincias
426 1473 453 1536 ¹.
474 1495 487 1529 o

276 1591 353 1678 Quo
371 1610 453 1661 voro
471 1589 585 1662 minus
602 1611 796 1677 oaroorom,
817 1586 1002 1685 supplicia,
1021 1598 1168 1662 mortam
1191 1587 1235 1658 ti-
1302 1645 1310 1651 .

227 1709 381 1798 mebant,
394 1734 436 1784 oo
448 1710 527 1809 plus
548 1723 647 1784 erant
660 1708 825 1801 timoudi,
840 1732 922 1782 nam
940 1723 979 1782 ut
990 1715 1070 1807 juro
1098 1709 1147 1781 ait
1164 1709 1234 1779 Pu·

227 1833 318 1908 blius
335 1838 465 1933 Syrus,

330 2062 410 2120 Haut
425 2078 508 2137 quam
521 2070 564 2121 ost
575 2062 715 2121 timendus
728 2063 775 2137 qui
788 2062 861 2120 mori
873 2069 964 2120 tutum
975 2067 1068 2135 putat!

226 2248 272 2320 Et
284 2268 368 2319 sans
383 2245 444 2342 qui
454 2243 685 2318 libentissimo
696 2242 956 2319 trucidabantur
971 2246 1087 2319 animo
1101 2256 1130 2338 ²,
1146 2268 1233 2344 quos

225 2372 388 2444 timorum
409 2371 584 2443 maximus
614 2369 708 2443 haud
736 2368 905 2467 urgebat,
935 2371 973 2443 in
998 2393 1056 2444 oos
1082 2373 1232 2469 grassari

224 2504 359 2590 poterat
376 2493 502 2568 nullius
520 2495 571 2567 roi
592 2505 719 2567 motus.
742 2493 822 2567 Indo
837 2517 936 2567 mous
954 2494 1130 2586 interrita,
1150 2494 1231 2568 iudo

225 2616 379 2691 maxima
389 2618 456 2709 vis,
477 2614 557 2691 iudo
577 2618 699 2714 optimi
718 2617 897 2714 triumphi,
922 2616 1014 2705 indo,
1035 2629 1075 2690 ut
1090 2620 1231 2692 Soueoae

224 2765 321 2816 mors
332 2743 464 2841 loquar,
479 2744 539 2839 qui
554 2744 740 2816 Horatium
760 2753 814 2816 ost
830 2744 904 2839 ipso
923 2743 1092 2835 imitatus,
1108 2746 1228 2831 Judaei,
1348 2755 1353 2763 '

224 2867 408 2940 Christiani
438 2868 588 2960 soilitot,
622 2871 705 2941 victi
736 2871 915 2941 victoribus
945 2868 1031 2961 leues
1071 2864 1227 2942 dederet

259 3094 282 3139 t.
300 3087 342 3139 Ad
355 3087 506 3152 scopuloso,
521 3087 552 3140 V.

256 3179 282 3222 a.
300 3171 374 3236 Apol.
386 3169 512 3224 XXXVII.

256 3261 283 3306 a.
300 3253 433 3307 Souooaiu
444 3253 672 3323 inmusutoquod
682 3253 760 3307 nobis
770 3253 935 3322 Augustinus
946 3254 1060 3307 servavit
1076 3256 1166 3319 (civit.
1183 3260 1232 3308 Det

223 3338 264 3399 vl,
281 3338 330 3403 tt)
352 3337 387 3389 nt
404 3339 492 3390 totum
505 3338 582 3407 juvat
605 3351 809 3390 commemorare
827 3336 925 3401 locum,
945 3341 1036 3406 utpoto
1054 3338 1102 3404 qui
1120 3353 1164 3390 oos
1184 3339 1231 3405 qui

222 3432 285 3473 oum
310 3418 392 3472 Paulo
416 3418 542 3474 Senem
559 3419 656 3473 litteris
678 3419 886 3479 oommuuioauso
906 3419 1077 3483 arbitrantur,
1096 3421 1232 3475 confutare

221 3501 357 3570 viderim
370 3517 450 3572 orgo,
467 3503 500 3557 do
511 3503 568 3557 illis
578 3517 642 3557 suno
659 3502 758 3557 Juduis
771 3517 818 3556 sou
830 3504 986 3557 Christianis
996 3520 1059 3558 oum
1070 3504 1230 3573 loqueretur,

221 3586 277 3641 buu
290 3585 387 3640 babet:
399 3609 414 3635 ι
424 3590 493 3644 Cum
504 3588 612 3641 interim
624 3602 708 3656 usquo
722 3601 752 3639 eo
763 3590 967 3641 soeleruttsstmae
978 3594 1061 3655 uentis
1071 3591 1232 3644 consuetudo

220 3670 363 3734 convaluit,
375 3676 406 3725 ut
415 3687 462 3743 por
472 3687 563 3726 omues
577 3676 660 3726 terras
672 3675 774 3741 rooepin
786 3674 831 3738 sit,
840 3672 904 3725 victi
918 3673 1063 3727 victoribus
1074 3673 1142 3742 leges
1154 3675 1232 3728 dodo-

222 3758 322 3808 runt»
355 3754 408 3819 Qui
424 3755 541 3825 protooto
567 3755 720 3809 Juduorum
745 3756 855 3810 uomina
879 3757 1042 3811 christianos
1066 3758 1219 3827 designabat

221 3853 253 3911 so
264 3843 377 3895 otmoro
384 3838 505 3910 loquitur
512 3839 630 3896 uutuius
641 3840 689 3910 qui
697 3840 807 3895 Honorii
825 3843 990 3911 temporibus
1005 3843 1096 3897 floruit
1114 3845 1232 3911 (lunen,

221 3940 249 3977 v.
263 3921 340 3986 395);

307 4088 321 4095 Ι,
384 4050 387 4055 ·
421 4028 694 4091 unm-manuninum
703 4027 955 4077 inanissimarum

420 4104 423 4109 ’
451 4104 546 4171 sumptu
554 4107 615 4155 beiti·
625 4108 755 4170 imperioque
762 4107 819 4154 'Fufii
