3300 5272
520 466 667 525 ssttntl
702 466 871 527 Plauti
906 467 1000 524 xcv,
1280 476 1314 524 at

706 816 811 884 XLV.

491 1063 742 1124 (ltPttlttttis
774 1066 827 1123 ΕΤ
860 1064 1021 1123 CAPRAE.

247 1356 296 1417 Ab
312 1323 390 1416 love
408 1352 571 1443 ningebat.

245 1502 412 1588 Caprarius
429 1499 559 1588 quidam
576 1500 703 1588 fugiens
722 1501 755 1563 in
780 1516 907 1564 antrum
927 1500 1140 1590 compellebat
1158 1501 1318 1566 desertum

201 1649 310 1712 capras
329 1648 454 1690 summa
469 1626 541 1689 nive
557 1625 740 1690 albicantes.

246 1777 310 1840 Ubi
332 1800 431 1864 quum
457 1778 628 1867 reperisset
652 1779 807 1868 ingressas
832 1778 925 1842 citius
941 1799 1052 1865 capras
1069 1776 1229 1841 silvestres
1248 1801 1319 1842 cor·

200 1901 333 1988 nigeras,
350 1891 551 1991 grege'quem
565 1902 680 1992 agebat
694 1903 763 1990 ipse
779 1901 1030 1982 numerosiores,
1050 1899 1151 1965 multo
1164 1899 1319 1989 grandio-

201 2047 315 2112 resque
331 2049 368 2089 ac
382 2026 592 2107 valentiores,
613 2026 677 2091 illis
692 2027 833 2113 jaciebat
846 2024 973 2090 allatum
991 2024 1099 2089 esilva
1115 2045 1262 2118 ramum3
1286 2041 1318 2088 at

201 2149 347 2235 proprias
366 2147 489 2213 dimisit
505 2172 576 2237 quae
592 2165 722 2213 strenue
735 2149 902 2213 esurirent.

244 2297 370 2361 Mutato
393 2313 499 2371 autem
516 2296 557 2364 ad
577 2320 722 2363 serenam
746 2296 860 2361 faciem
877 2295 977 2377 coelo,
1004 2319 1076 2361 suas
1099 2297 1219 2384 reperit
1233 2318 1317 2359 mor·

167 2413 169 2417 ⁸
201 2435 294 2501 tuas;
318 2421 387 2484 aliar
411 2437 519 2485 autem
538 2443 607 2499 non
623 2436 824 2501 manserant,
842 2419 900 2483 sed
921 2421 1081 2483 montium
1096 2419 1250 2483 sterilium
1270 2420 1318 2481 in·

201 2567 323 2608 accessa
341 2537 472 2609 'dumeta
488 2543 627 2635 pedibus
643 2545 912 2633 pervestigabant.
941 2524 1113 2633 Capraritrs
1126 2566 1193 2607 non
1208 2541 1317 2607 ridens

200 2665 333 2728 domum
348 2664 458 2747 rediit,
478 2667 582 2754 capris
596 2666 720 2732 viduus.
746 2670 852 2756 Atque
876 2667 1103 2755 prestantioris
1117 2688 1175 2755 spe
1190 2687 1319 2754 posses·

199 2813 253 2853 sor
267 2793 389 2880 gregis,
410 2812 452 2854 ne
464 2813 503 2855 ex
517 2791 575 2855 illo
588 2790 718 2878 quidem
730 2790 938 2856 commodum
953 2792 1039 2880 cepit
1054 2793 1110 2879 qui
1123 2791 1202 2855 olim
1214 2791 1318 2856 fuerat

201 2939 285 2979 suus,

244 3156 309 3217 Nos
329 3150 444 3215 edocet
463 3151 570 3218 labula
586 3153 676 3218 nullo
702 3177 770 3218 esse
786 3170 881 3242 pacto
898 3177 948 3218 res
967 3151 1112 3242 proprias
1127 3152 1242 3239 cuique
1261 3143 1318 3215 ne·
1421 3242 1425 3252 Ι

200 3275 378 3362 gligendas,
398 3277 479 3341 lucri
496 3279 670 3365 praesertim
685 3279 828 3367 ambigui
845 3301 950 3343 causa.

199 3618 239 3664 καὶ
249 3618 506 3682 σφιτέρφτῷέωπῶν·
519 3622 624 3684 σφέτιρα,
637 3622 667 3670 τὰ
677 3624 729 3670 tna·
816 3625 852 3668 12.
870 3623 899 3679 A,
911 3616 1020 3678 γελάσας.
1033 3617 1062 3666 ct
1072 3616 1110 3664 sit
1120 3615 1209 3666 cubela
1223 3613 1313 3664 labala.

198 3700 255 3743 τῶν.
275 3699 304 3745 et
321 3697 419 3748 suerunt
436 3698 494 3749 alibi
514 3701 614 3750 conluta
632 3700 690 3759 idco<
705 3703 731 3751 et
769 3699 827 3749 -scd
843 3697 975 3762 caprarius,
992 3697 1015 3747 ti
1030 3696 1119 3757 riserit,
1131 3695 1203 3747 maiia
1220 3694 1315 3747 ridebat

199 3776 314 3839 σφέτερος.
326 3775 374 3826 sed
391 3777 505 3828 rideatur
520 3779 592 3829 eiiam
609 3779 730 3831 excidisse
781 3778 872 3830 alienia
883 3777 999 3831 caeteta
1016 3775 1144 3841 tegendum
1157 3776 1260 3832 κλαύσας
1277 3776 1315 3824 vi·

199 3867 248 3903 non
260 3855 367 3911 atritade
380 3859 477 3920 pastore
492 3858 593 3909 domurn
608 3872 640 3910 ex
659 3863 729 3910 antro
782 3859 895 3921 debatur,
906 3862 1020 3911 momnte
1030 3857 1131 3909 tarint.
1145 3863 1170 3917 a,
1180 3869 1204 3918 p.
1215 3861 1256 3916 82,
1271 3856 1315 3918 qui

198 3935 222 3980 et
235 3946 263 3981 ex
274 3933 347 3983 domo
356 3939 454 3986 antrum
465 3937 588 3988 redeunte.
782 3940 878 4002 reliquit
894 3941 1001 4003 γελάσας.
1016 3943 1124 3999 ccrayus
1138 3937 1221 3985 autem
1232 3934 1316 3984 minus

231 4017 254 4061 9.
272 4013 313 4069 Ὠς
322 4014 458 4080 δ’ᾐθρίασι,
468 4017 485 4066 i.
496 4030 518 4066 e.
533 4019 566 4074 ὡς
580 4019 605 4068 δὲ
616 4019 681 4068 εὐδία
690 4021 728 4082 γε’-
782 4020 875 4082 patiens
888 4020 965 4070 edidit
978 4017 1108 4072 ἀπελάσας·
1124 4016 1219 4072 αἰπόλος
1230 4013 1317 4065 &aett-

199 4105 260 4149 γονε·
274 4091 340 4152 quod
352 4091 399 4142 ieri
410 4094 497 4145 cobrin
510 4094 598 4145 sabula.
614 4103 729 4149 Memora·
781 4116 824 4155 σας
835 4101 867 4156 εἰς
875 4100 914 4148 τὸν
925 4098 990 4148 οἶκον
999 4097 1054 4158 ἦλθε
1063 4095 1137 4151 mdc·
1148 4094 1171 4145 id
1182 4107 1234 4144 esse
1245 4098 1316 4158 puto,

199 4168 235 4215 vit
247 4169 436 4233 Etymolcgicum
446 4179 479 4223 tt.
495 4174 598 4225 formam
610 4179 730 4241 participii
784 4198 796 4221 κ
814 4177 919 4228 reterens
940 4181 1004 4226 retro
1026 4175 1112 4239 pedem
1130 4196 1151 4222 ·›.
1170 4180 1223 4224 Mea
1242 4174 1318 4224 lectio

199 4250 351 4309 “bimam
363 4253 466 4313 βιὸῶσα.
783 4257 909 4319 dicimo<
924 4261 979 4320 apta
989 4258 1027 4305 eat
1042 4254 1169 4304 sententie
1184 4266 1213 4302 ac
1224 4252 1316 4302 versui.

235 4335 268 4375 tt.
288 4334 314 4386 Α,
331 4330 409 4379 ποσίν.
420 4333 562 4384 Trocbaentn
580 4335 632 4385 scci.
651 4338 685 4385 cl.
703 4343 728 4384 F.
818 4341 852 4385 tt.
871 4340 914 4385 Ἐκ
927 4337 1029 4401 πρώτης,
1041 4333 1153 4384 videlicet
1169 4333 1249 4397 ἀρχῆς.
1265 4338 1321 4382 non

203 4412 240 4466 ¹2,
251 4413 288 4456 20,
300 4409 421 4467 stetim
433 4416 457 4461 F.
471 4418 509 4473 dd,
520 4424 542 4463 8.
784 4432 837 4467 rara
850 4418 949 4481 ellipsis.
963 4418 1003 4470 Sic
1016 4416 1072 4467 tab.
1086 4418 1126 4476 tt,
1138 4423 1160 4464 2.
