3300 5272
305 347 401 461 ι162
702 367 743 416 on
770 368 798 416 s.
824 365 966 415 cnmnur

328 498 363 568 in
385 495 545 569 manibus
567 494 730 568 habuisse
758 496 987 591 Augustinum
1015 494 1116 589 plane
1142 505 1278 565 constat
1297 516 1337 566 eo

325 620 419 719 quod
437 627 509 717 ejus
520 642 616 692 cccix
632 642 746 692 sermo
762 641 806 691 ex
825 617 908 715 ipsis
926 616 1051 690 horum
1065 616 1179 690 verbis
1195 596 1337 691 contex-

327 759 382 818 tus
408 757 474 816 est.
496 724 588 831 'Quae
612 766 824 842 quamquam
843 755 924 815 sunt
943 741 1035 840 apud
1055 743 1274 816 Ruinartium
1290 740 1335 814 ad

324 865 505 966 legendum
522 877 693 964 prompta,
721 867 778 940 hio
792 878 906 940 tamen
928 867 1111 940 verborum
1128 868 1163 938 in
1183 867 1278 938 Actis
1300 878 1335 938 et

324 994 358 1063 in
379 993 568 1088 Augustino
587 990 752 1063 similium
767 988 961 1086 exemplum
976 991 1101 1063 referre
1115 991 1210 1063 libet.

443 1209 469 1256 8.
492 1206 696 1272 mensuum,
1014 1206 1160 1256 ctruttttt

430 1293 434 1311 ¹
467 1303 557 1350 Sernw
570 1297 672 1351 OECIX.
982 1301 1058 1357 Acta,
1072 1312 1130 1367 esp.
1145 1299 1178 1351 11.

354 1402 415 1451 Com
427 1398 642 1468 enimcyprienus.
655 1408 751 1451 sanetus
760 1415 823 1450 mar·
869 1402 977 1468 Cumque
989 1401 1139 1468 Cyprianus,
1157 1408 1251 1451 unctus
1271 1415 1335 1451 mer·

322 1493 361 1551 tyr
373 1482 483 1534 electura
497 1487 558 1542 Deo,
571 1483 603 1534 de
615 1483 712 1533 civitate
723 1483 823 1535 Curubi-
837 1493 875 1550 tyr
888 1485 976 1536 electus
991 1500 1005 1536 s
1018 1488 1087 1545 Deo,
1099 1484 1130 1535 de
1143 1484 1241 1535 civitate
1253 1486 1335 1534 Curu-

323 1575 388 1631 tsns,
398 1567 423 1617 in
434 1582 506 1634 quam
521 1566 605 1617 exsilio
613 1575 732 1636 praeopto
746 1571 822 1633 Asps-
837 1567 916 1619 bitena
927 1567 954 1618 in
965 1585 1012 1635 qus
1026 1568 1110 1619 exsilio
1130 1577 1249 1635 precepto
1260 1571 1337 1635 Aspe-

325 1649 354 1700 sii
369 1649 464 1700 Paterni
479 1649 625 1717 proconsulis
638 1647 819 1711 missorium,
835 1651 865 1700 sii
891 1652 987 1702 Paterni
1011 1660 1070 1702 tuno
1092 1651 1241 1718 prooousulis
1264 1650 1335 1702 datiis
1387 1670 1390 1675 ·

322 1731 652 1801 suspensissimum
669 1732 718 1782 suis
736 1749 820 1784 mene-
835 1734 920 1795 lueret,
935 1751 1052 1802 regressus
1067 1744 1136 1796 essm,
1151 1751 1259 1786 exsecro
1273 1751 1334 1802 pru·

228 1876 232 1887 p
321 1817 377 1879 bst;
389 1826 414 1868 et
426 1816 483 1867 inde
497 1816 605 1883 quotidie
616 1815 728 1882 sperabat
738 1816 820 1869 renim
834 1826 903 1882 cepto
920 1817 946 1867 in
961 1817 1010 1868 suis
1031 1817 1109 1869 hortis
1126 1821 1254 1885 mouebatp
1276 1820 1335 1872 inde

322 1899 395 1963 edre,
409 1900 471 1952 sieut
479 1908 599 1952 ostensum
608 1898 644 1950 illi
652 1908 714 1952 emt.
833 1899 941 1965 quotidie
956 1901 1065 1967 sperabit
1077 1902 1160 1955 renue
1173 1904 1255 1966 edne,
1271 1905 1334 1957 siout

833 1983 869 2032 illi
881 1993 1002 2035 ostensum
1018 1984 1105 2039 meret

368 2141 497 2233 l'raeter
518 2169 609 2250 neta,
634 2155 788 2231 libellum
812 2157 855 2230 de
875 2160 939 2232 viri
961 2159 1053 2234 illius
1079 2162 1150 2235 rita
1167 2168 1189 2237 d
1209 2166 1333 2260 Pontip

319 2282 427 2381 ipsius
440 2280 585 2355 diacono
599 2282 831 2378 conscriptum
846 2285 1055 2380 accepimus.
1074 2285 1177 2380 Cujm
1191 2287 1332 2384 quidem

320 2407 431 2482 Pontii
445 2406 521 2504 qui,
536 2416 675 2478 auctore
691 2405 900 2501 Hieronymo
917 2406 953 2479 iu
965 2409 1123 2502 Catalopo
1133 2415 1331 2505 scriptorum

318 2532 620 2618 ecclesiasticorum,
650 2559 665 2595 ι
691 2531 866 2628 egregium
880 2529 1039 2605 volumen
1060 2534 1140 2608 vitae
1157 2539 1334 2632 etpassio·

320 2655 374 2727 nis
390 2654 549 2752 Cypriani
567 2684 581 2720 ι
598 2653 761 2745 confecit,
780 2653 909 2728 ohartae
926 2679 967 2729 eo
981 2658 1145 2732 certiores
1166 2658 1332 2734 habendes

322 2788 416 2869 sunt,
436 2800 506 2874 quo
524 2782 636 2874 major
652 2776 702 2849 illi
721 2800 801 2850 oum
820 2779 984 2877 episeopo
1002 2804 1064 2854 suo
1079 2805 1163 2854 usus
1174 2781 1332 2876 aeglami·
1353 2787 1354 2790 ’

323 2900 415 2974 liaris
432 2921 530 2997 paeue
550 2899 616 2972 fuit
633 2898 863 2992 necessitudo,
887 2912 1006 3000 utpote
1028 2904 1088 3000 qui
1105 2903 1196 3002 fugae
1218 2907 1329 2979 eomi-
1404 2920 1409 2927 '

288 3071 292 3081 ,
323 3023 718 3098 temeiaosooiumsese
732 3021 1019 3121 proibueritlmo
1035 3027 1199 3123 permulti
1213 3041 1330 3126 patres

326 3149 422 3222 fortis
440 3147 543 3246 hujus
568 3147 729 3245 martyris
751 3146 871 3221 laudes
893 3149 930 3221 io
955 3149 1177 3226 concionibus
1197 3177 1330 3228 memo·

321 3286 453 3364 rerunt,
472 3274 561 3346 inter
574 3295 661 3367 quos
675 3272 845 3370 imprimis
863 3270 1012 3348 referam
1028 3276 1220 3350 Maximum
1237 3280 1330 3353 Tau·

322 3401 507 3487 rinensem‚
533 3396 749 3495 Fulgentium
770 3399 1000 3496 Ruspensem‚
1020 3402 1159 3476 Petrum
1181 3402 1330 3502 Chryso·

321 3523 451 3620 logum,
479 3532 514 3595 et
538 3521 756 3618 potissimum
773 3524 1001 3618 Augustinom
1020 3526 1079 3622 qui
1098 3549 1191 3624 saepe
1216 3524 1258 3600 de
1285 3550 1327 3599 eo

243 3630 246 3635 ¹
321 3647 443 3731 distr,
463 3644 590 3743 quique
608 3642 755 3718 inlibris
771 3644 813 3719 ds
827 3647 1005 3744 Baptismo
1021 3649 1183 3747 Cypriani
1203 3648 1327 3723 adver·

321 3793 380 3843 sus
408 3769 662 3879 Donatistarum
692 3769 834 3866 injurias
856 3794 996 3846 causam
1021 3774 1103 3871 egit.
1139 3776 1281 3871 Insuper
1307 3798 1329 3846 a

360 4003 382 4048 ι.
401 3995 644 4057 mossoux.
657 3996 748 4056 ocor.
762 3998 879 4066 cucur,
892 3999 1018 4055 trouu.
