3300 5272
526 394 877 487 staturianum
912 428 1088 489 lxxxix.
1295 439 1348 491 nn

694 858 884 926 LXXXIX.

498 1086 501 1091 Ι
585 1136 724 1197 tutus
752 1138 808 1197 ET
835 1137 989 1199 AGNUS.

275 1499 382 1586 Lupus
398 1495 561 1585 quondam
580 1519 699 1586 agnum
724 1520 743 1561 a
765 1518 864 1586 grege
887 1495 999 1561 videus
1024 1495 1261 1577 errabundum,
1281 1518 1347 1559 non

230 1619 323 1683 irruit
341 1621 372 1683 vi
399 1635 562 1707 rapturus,
594 1617 651 1684 sed
679 1620 801 1685 crimen
828 1619 997 1684 simultatis
1025 1620 1206 1708 speciosum
1231 1619 1348 1683 inferre

230 1744 432 1807 moliebatur.

274 1868 349 1932 «Tu
368 1868 446 1931 mihi
465 1866 542 1956 quid
554 1890 659 1949 anno,
676 1869 826 1956 parvulus
841 1870 896 1957 qui
914 1892 999 1952 eras,
1020 1867 1232 1934 maledicebas
1248 1868 1280 1931 »l

273 1990 458 2080 «Equidem
494 2014 581 2056 anno
617 1991 764 2056 nondum
796 2014 900 2074 eram,
933 1994 988 2082 qui
1029 1994 1088 2057 sim
1121 1992 1222 2057 hocce
1253 2006 1346 2055 natus

227 2146 240 2170 «
257 2115 326 2203 ipso
339 2145 363 2180 ι.

270 2241 410 2302 «Nonne
427 2260 556 2321 ervum,
574 2235 663 2325 quod
678 2238 785 2302 habeo
802 2206 934 2320 meum
952 2238 1068 2304 tondes
1082 2239 1233 2304 dentibus
1248 2240 1286 2303 1?

270 2392 283 2418 ι
297 2361 416 2426 Viridis
430 2360 555 2427 nildum
571 2361 714 2427 lterbulae
730 2362 857 2428 comedi
873 2386 977 2451 neque
994 2363 1097 2452 carpsi
1113 2394 1134 2427 ι.

270 2518 282 2541 «ι
296 2487 327 2550 Ν
330 2509 410 2575 eque
424 2487 548 2552 iontem
564 2488 735 2552 exhausisti
751 2487 838 2552 unde
854 2487 934 2552 bibo
946 2486 980 2550 ni’

269 2642 282 2667 a
297 2611 405 2675 Ubera
422 2610 603 2676 adhucdum
618 2613 780 2676 inebriant
794 2635 846 2676 me
859 2628 1004 2677 materna
1017 2642 1042 2676 ι.

269 2735 362 2799 Tunc
385 2734 458 2799 ideo
484 2735 754 2823 comprehensum
777 2735 934 2801 mandens
957 2758 1091 2826 agnum,
1115 2738 1181 2799 «At
1198 2756 1265 2799 non
1283 2734 1343 2799 irn-

224 2888 237 2914 ·
252 2881 404 2946 pransum
416 2889 429 2915 ι
447 2858 511 2940 ait,
530 2858 667 2948 «lupum
684 2859 771 2924 abire
788 2882 906 2950 coges,
925 2859 984 2927 etsi
1000 2858 1093 2924 facile
1111 2860 1292 2924 cunctosin
1310 2874 1341 2923 te

223 3009 236 3035 ι
251 3003 337 3045 meas
356 2979 485 3044 dilueris
500 2979 772 3045 criminationes».

267 3224 367 3307 Quod
384 3227 530 3314 quisunt
556 3227 597 3292 ad
614 3227 854 3317 improbitatem
872 3252 891 3293 a
907 3245 1021 3294 natura
1038 3230 1212 3316 comparati
1233 3244 1266 3292 et
1288 3229 1337 3292 in·

219 3345 389 3430 justitiam,
402 3347 476 3413 illos
491 3372 532 3414 ne
547 3350 690 3439 speciosa
709 3351 839 3440 quidem
856 3347 1044 3439 persuadeat
1060 3349 1212 3415 defensio.

222 3708 297 3759 aliud.
311 3709 358 3762 sed
374 3710 451 3765 satius
467 3712 515 3765 rull
528 3726 578 3765 non
589 3716 689 3779 tangere
702 3728 756 3767 rer·
808 3728 872 3766 nuos
893 3715 984 3767 tldosis
1000 3716 1074 3767 edam
1084 3716 1175 3769 Fabula
1191 3723 1293 3781 xxxvl,
1314 3724 1338 3768 ⁴.

221 3802 277 3840 sum
289 3791 481 3855 integerrimum.
838 3801 863 3846 6.
880 3799 911 3858 Α,
920 3796 1014 3847 οὐκοῦν.
1026 3797 1117 3861 scripu
1126 3797 1219 3849 οὔκουν.

253 3879 277 3921 s.
294 3878 322 3935 A,
335 3875 382 3937 aa
392 3876 429 3927 et.
441 3877 530 3941 annu
541 3878 612 3943 aar
622 3880 665 3942 ot,
675 3881 756 3931 rmus
838 3878 862 3925 9·
873 3878 902 3935 Α,
916 3877 1021 3941 μητρῷα·
1036 3877 1126 3941 scunt
1138 3878 1242 3943 emen
1252 3889 1340 3942 raquo

222 3947 326 4011 lustum,
336 3957 361 4001 et
376 3953 466 4005 inserui
480 3958 514 4017 ὃς,
531 3956 650 4008 brevioris
666 3970 753 4009 versus
804 3958 845 4004 tus
855 3958 880 4004 Ι.
890 3960 931 4018 tt,
941 3962 964 4006 a.

221 4028 427 4091 supplementum.
445 4035 573 4087 Tribteres
589 4036 651 4087 duos
673 4038 751 4087 conti·
838 4038 876 4084 tt.
894 4040 923 4097 Α,
935 4036 1021 4086 αἰτίαν.
1033 4037 1305 4103 cl.u.td1².xl.lx,⁴.
