3300 5272
474 474 539 522 suu
565 473 731 522 msronus
756 473 820 522 ron
844 472 1007 521 neeennrs.
1176 449 1242 520 163

236 601 392 698 plurimis
414 607 493 698 juro
514 623 555 674 ao
581 612 675 674 reete
706 601 867 699 Cypriani
894 599 1022 674 mentio
1048 598 1141 672 lacta
1164 599 1241 688 luit,

236 717 427 822 praesertim
439 749 520 798 vero
531 724 575 797 ab
589 723 735 816 Hilario,
749 725 941 815 aPaeiano,
955 723 999 797 ab
1018 724 1242 821 Hieronymo,

237 872 258 921 a
277 849 413 923 Gelasio
438 872 541 948 papa,
567 872 588 921 a
609 849 778 946 Procopio
805 859 839 920 et
862 872 884 921 a
907 848 1108 922 cassiodoro
1127 859 1151 921 ¹.
1178 850 1243 922 flio
1326 889 1329 895 =

201 1043 209 1058 ,
235 973 392 1046 intereos
401 971 619 1046 solummodo
629 973 840 1047 Laetantinm
851 973 1131 1071 allerrejnvatzs
1149 975 1245 1045 Unus

235 1098 429 1195 praecipuus
457 1109 493 1170 ot
517 1098 631 1170 clarus
651 1097 781 1170 exstitit
804 1099 1008 1195 Cyprianus,
1024 1099 1186 1195 quoniam
1210 1111 1246 1170 et

234 1245 398 1320 magnam
422 1221 487 1294 sibi
512 1220 657 1320 gloriam
681 1222 830 1294 exertis
858 1221 1016 1294 oratoria
1033 1222 1245 1317 professione

233 1348 430 1445 quaesierat,
460 1357 496 1418 et
523 1344 710 1419 admodum
740 1345 850 1420 multa
872 1346 1090 1442 conseripsit,
1115 1346 1151 1419 in
1182 1369 1246 1418 suo

232 1492 358 1567 gonaro
380 1469 549 1543 miranda.
574 1471 659 1543 Erat
680 1471 772 1543 enim
796 1471 933 1568 ingenio
955 1468 1065 1560 facili,
1090 1471 1245 1567 copioso,

234 1596 346 1685 suavi,
369 1605 405 1668 et
425 1616 505 1692 quae
523 1595 693 1668 sermonis
717 1595 871 1668 maxime
895 1608 949 1667 est
971 1596 1093 1685 virtus,
1111 1605 1243 1692 aperto,

234 1727 274 1790 ut
283 1714 478 1790 discernere
490 1739 641 1813 nequeas
650 1730 810 1790 utrumne
826 1718 977 1791 ornatior
990 1719 1026 1790 in
1039 1716 1243 1814 eloquendo,

176 1898 177 1902 η
234 1863 278 1914 an
289 1840 423 1914 felicior
431 1842 468 1914 in
481 1841 695 1939 explicando,
715 1865 760 1914 an
769 1842 941 1937 potentior
956 1843 992 1915 in
1010 1839 1246 1939 persuadendo

234 1963 352 2038 luerit.
373 1966 441 2038 Hie
466 1978 581 2039 tamen
600 1965 736 2063 plaeere
756 1965 848 2038 ultra
867 1966 973 2040 verba
992 1979 1246 2040 sacramentnm

232 2089 469 2188 ignorantibus
493 2113 559 2163 non
577 2101 707 2189 potest,
728 2092 891 2188 quoniam
909 2093 1056 2189 mystica
1070 2103 1152 2165 sunt
1168 2113 1246 2189 quaa
1379 2090 1381 2095 ’

231 2210 367 2286 loeutus
388 2229 452 2302 est,
476 2225 512 2288 et
532 2214 576 2288 ad
601 2213 637 2286 id
658 2227 863 2313 praeparata,
883 2226 923 2288 ut
944 2215 1064 2290 aeolis
1084 2214 1244 2290 fidelibus

232 2335 428 2412 audiantur.
446 2339 761 2436 Deniqueadoctis
773 2339 876 2438 hujus
889 2339 1008 2413 saeculi
1021 2338 1243 2437 quibuslorte
1306 2358 1310 2366 ·

231 2461 364 2560 scripta
385 2468 459 2561 ejus
485 2463 717 2557 innotuerunt,
737 2462 886 2538 derideri
905 2464 1005 2538 solet.
1031 2463 1155 2538 dudini
1178 2487 1241 2562 ego

117 2632 120 2639 ·
230 2583 415 2682 quomdam
428 2587 603 2661 hominem
622 2611 704 2661 sane
724 2586 905 2682 disertum,
927 2589 987 2687 qui
1003 2593 1103 2676 eum,
1118 2590 1241 2661 immu-

230 2721 301 2784 tata
327 2732 398 2782 una
417 2709 546 2800 littera,
567 2712 776 2810 Coprianum
794 2723 949 2805 uocaret3
969 2712 1069 2810 quasi
1090 2711 1149 2810 qui
1166 2709 1239 2784 ele·

227 2855 313 2930 gans
331 2815 522 2932 ingenium,
545 2847 581 2908 et
598 2834 798 2911 melioribus
815 2835 920 2910 rebus
937 2849 1057 2935 aptum
1071 2835 1117 2910 ad
1130 2836 1238 2909 aniles

226 2956 365 3033 fabulas
380 2959 619 3034 eontulisset².
638 2990 656 3028 o

275 3085 325 3157 lta
335 3082 490 3182 plerique
503 3085 704 3175 Latini,non
713 3097 855 3182 excepto
864 3082 997 3177 Adone,
1014 3097 1236 3182 nonexeepte

225 3209 379 3302 Legenda
396 3232 514 3299 aurea,
533 3221 626 3282 rente
651 3207 694 3281 de
720 3209 891 3306 Cypriano
917 3209 1022 3282 loouti
1045 3221 1139 3302 sunt,
1167 3209 1234 3282 nisi

224 3329 429 3405 Prudentius
449 3343 553 3429 poeta
572 3323 631 3430 qui
652 3330 731 3405 lieet
749 3345 823 3406 tum
847 3332 933 3405 loeis
952 3344 1026 3406 tum
1046 3344 1146 3406 aetate
1162 3356 1232 3406 non

222 3453 322 3552 longe
349 3467 513 3545 remotus,
538 3456 854 3554 Carthaginiensem
888 3469 1003 3565 tamen
1029 3456 1229 3554 episcopum

221 3602 284 3677 pro
302 3578 512 3653 Antiocheno
526 3591 677 3679 martyre
698 3580 733 3653 in
751 3580 904 3653 carmine
919 3578 1124 3678 quandoque
1136 3579 1230 3654 uide·

223 3711 279 3771 tur
297 3699 483 3796 accepisse.
509 3699 645 3773 Etenim
662 3701 869 3797 cyprianum
893 3711 1048 3772 nostrum
1066 3700 1131 3773 arti
1149 3723 1228 3773 ma-

257 3950 279 3997 t.
296 3942 397 3996 videsis
409 3945 567 4010 Patrotoota
583 3944 612 3996 D.
624 3945 728 4013 digne,
755 3946 835 4010 till,
853 3945 880 3998 io
899 3959 953 4012 quo
970 3943 1165 3998 iudicanturde
1176 3945 1229 4013 Cy·

223 4027 316 4096 priano
331 4027 454 4096 pleraque
464 4027 624 4082 testimonia

257 4123 281 4166 a.
299 4117 389 4167 mut.
403 4115 497 4178 aton..
509 4113 529 4166 l.
542 4115 574 4180 v,
587 4129 609 4167 e.
628 4123 649 4167 r.
