3300 5272
334 460 402 533 138
637 483 782 536 cursum
808 485 847 534 ur
870 484 1029 537 oocrauu

328 606 525 708 dulgentia,
541 608 752 703 urbanitate,
775 611 962 701 lenioribus
985 610 1119 687 artibus
1136 614 1257 703 utitur,
1280 610 1343 684 bo·

328 734 549 811 nestissimus
580 759 622 811 ac
651 736 866 811 rectissimus
891 735 1153 832 paterfamilias,
1187 734 1342 809 clemens

327 869 507 949 matrona,
540 861 634 932 mitis
664 858 935 952 adolescentula,
966 860 990 932 ii
1021 882 1161 950 omnes,
1195 881 1278 933 oum
1306 858 1342 930 in

328 984 581 1081 amphitheatro
610 983 742 1074 sedent,
764 985 920 1058 moribus
948 985 1151 1078 immutatis,
1181 985 1341 1058 saeviores

326 1129 431 1202 quam
460 1110 519 1204 qui
548 1134 701 1206 unquam
729 1110 856 1183 fuerint
881 1106 1042 1183 evadunt.
1063 1113 1152 1184 Tum
1170 1109 1340 1209 gladiato·

326 1256 441 1307 rum·
472 1233 516 1306 ad
549 1234 774 1309 homicidium
788 1238 1015 1336 compellunt
1044 1249 1198 1328 mentes,
1219 1265 1236 1300 ι
1265 1248 1340 1309 tum

325 1359 513 1456 quemdam
531 1361 765 1435 Christianum
793 1360 838 1435 ad
862 1361 999 1436 leonem
1025 1373 1160 1459 petunt.
1188 1363 1241 1434 Eo
1267 1359 1340 1433 iere

325 1482 430 1557 modu
446 1484 540 1582 apud
563 1508 648 1575 nos,
674 1485 789 1558 medio
818 1488 986 1584 superiori
1005 1485 1153 1577 meula,
1178 1484 1340 1558 mulieres

325 1605 523 1682 lectissimae
537 1632 615 1707 quae
632 1610 918 1708 pbilosophorum
940 1611 1080 1686 chartas
1100 1635 1207 1684 manu
1222 1628 1339 1683 vema-

325 1731 411 1805 bant
429 1744 463 1804 et
479 1731 601 1807 diurna
619 1746 859 1826 structurae,
885 1760 964 1834 quae
977 1737 1073 1809 omni
1087 1735 1206 1832 lepore
1224 1733 1340 1807 abnu-

325 1853 455 1929 dabant
465 1880 507 1930 ao
524 1868 715 1950 venustate,
726 1883 806 1955 qum
821 1884 957 1936 mamm
973 1861 1145 1959 elegantia
1164 1850 1340 1956 superbie·

324 1980 421 2072 hant,
453 1982 584 2078 quibus
610 1983 690 2057 licta
717 1987 897 2058 calamitas
925 1985 1048 2059 fletum
1072 1984 1246 2075 eliciebat,
1270 1981 1338 2057 illa

325 2117 461 2179 sontem
492 2106 629 2181 infelici·
648 2108 771 2182 arbore
796 2117 871 2206 jam
904 2133 1112 2207 suspensum
1142 2117 1338 2206 spectantes

324 2231 488 2329 singulari
519 2229 641 2305 tenua
669 2234 947 2330 perimebantur.
980 2231 1072 2322 Qrid
1103 2231 1232 2332 igitur?
1259 2235 1337 2305 lam

323 2358 531 2430 miserorum
566 2380 647 2430 ossa
677 2360 808 2450 fracta,
851 2357 997 2456 corpora
1029 2360 1194 2456 imposita
1226 2358 1335 2450 rotis,

323 2485 421 2578 equis
461 2457 712 2578 quadrifariam
746 2483 883 2557 abactis
912 2482 1089 2557 hominem
1122 2483 1336 2580 discerptum

322 2605 440 2679 videre
447 2607 604 2705 parabat,
627 2611 724 2706 quasi
738 2608 876 2683 subdito
891 2611 1016 2682 animis
1036 2607 1189 2705 quodam
1212 2605 1338 2704 volup-

323 2733 403 2805 tatis
429 2734 580 2806 stimulo.
627 2735 806 2831 «Aspice,
836 2735 949 2831 lnquit
972 2746 1008 2807 et
1034 2733 1120 2824 itte,
1140 2735 1257 2830 aspice
1275 2757 1337 2830 po·

321 2855 443 2952 pulum
469 2856 513 2930 ed
539 2859 776 2954 spectaculum
794 2865 868 2958 jam
891 2859 1108 2932 cumduroro
1124 2860 1334 2948 venientem,

317 2989 391 3080 jam
407 2982 660 3057 tumultuosum
674 3038 683 3073 ‚
696 2992 770 3081 jam
783 3006 928 3073 cneum,
946 2990 1019 3080 jam
1032 2980 1075 3055 de
1089 2980 1336 3079 sponsionibus

321 3109 577 3180 concitatum»
594 3110 719 3201 lllcppo
731 3130 800 3204 qua
812 3109 952 3205 signum
971 3104 1072 3178 datur
1086 3106 1207 3196 missa,
1231 3134 1245 3171 ι
1264 3106 1336 3177 itur

318 3228 355 3301 iu
375 3229 485 3301 furias
503 3241 538 3302 et
560 3231 706 3302 minos.
728 3260 743 3295 s
772 3231 911 3326 ltaque,
939 3228 1054 3323 inquit
1076 3228 1329 3310 Tertullianus„

319 3374 400 3426 cum
421 3353 547 3427 'lirrosa
572 3351 795 3426 interdicatur
822 3351 935 3440 nobis,
960 3375 981 3422 a
1009 3351 1110 3423 circo.
1129 3350 1331 3439 auferimur,

319 3475 536 3576 ubi‘ptuprie
552 3476 648 3551 brror
661 3477 839 3569 presidet.
855 3474 923 3549 Sed
937 3477 969 3549 is
986 3474 1166 3549 bominum
1179 3477 1343 3564 animus,-

319 3620 361 3677 ee
376 3601 497 3677 metis!
517 3604 604 3692 Quae
620 3604 796 3679 Romabos
808 3596 915 3698 atqde
929 3600 1035 3672 Afros
1051 3622 1268 3695 mmmopere
1283 3598 1334 3672 al·

318 3712 603 3826 liciebant3‘qtrae
623 3746 653 3799 a
679 3729 752 3802 suis
776 3726 983 3801 annuebant
998 3719 1247 3816 Tertullianus,
1269 3727 1334 3824 Cy·

318 3854 473 3952 prianus,
487 3842 608 3925 omnes
627 3846 796 3939 Ecclesiae
803 3861 936 3949 putreat
950 3847 994 3921 ad
1006 3846 1130 3921 eadem
1146 3845 1331 3921 trabebant

317 3988 374 4049 tur
387 3972 629 4074 Feneloniique
644 3987 678 4046 et
693 3973 862 4047 Bossuetii
875 3970 1060 4045 auditores.
1079 3971 1212 4068 Saepius
1224 3971 1332 4070 igitur

317 4102 398 4196 post
413 4096 597 4195 magnifica
614 4095 720 4185 dcta,
736 4110 815 4197 post
833 4092 1029 4203 Telemachi
1048 4093 1211 4197 monachi
1227 4116 1328 4193 ogre·
