3300 5272
335 466 400 539 tlt
634 488 783 537 crrnranr
809 488 849 536 ar
874 489 1038 539 oocrmvi

327 642 397 691 non
424 621 460 690 in
482 616 652 714 prioribus
681 616 819 689 saeculis
846 618 1048 691 servitutem
1076 618 1191 710 solvit,
1220 618 1282 693 sed
1309 634 1348 695 ut

329 769 411 820 suos
430 746 465 816 in
486 743 680 817 libertatem
701 739 913 812 vindicarent
930 741 1023 815 beris
1040 740 1220 816 suadebat.
1240 746 1348 821 Nam·

327 895 394 970 que
413 894 435 943 a
452 866 706 942 violentissimis
732 879 848 938 rernm
875 867 1124 942 mutationibus
1144 868 1343 963 abhorruit,

327 1018 408 1067 cum
436 991 580 1065 meliora
604 1002 744 1086 cuperet
762 987 923 1087 prudenti
944 991 1153 1087 populorum
1177 989 1219 1063 ad
1238 994 1346 1086 virtu·

328 1131 397 1190 tem
412 1139 534 1214 gressu
550 1115 683 1210 perlici.
703 1115 830 1205 Quare,
848 1113 938 1211 apud
952 1115 1068 1208 Afros,
1083 1140 1201 1189 servos
1218 1116 1345 1213 quibus

327 1245 416 1316 forte
446 1241 644 1340 potiebatur
678 1239 829 1313 vindicta
853 1239 981 1312 liberos
1010 1241 1123 1314 lacere
1153 1240 1267 1314 clerus
1288 1266 1345 1313 so·

327 1369 438 1459 lebat3
454 1380 556 1466 atque
572 1367 856 1439 manumissionis
875 1366 1032 1463 exempla
1048 1366 1238 1464 saepissima
1253 1365 1343 1464 apud

327 1505 486 1569 sanctum
512 1492 741 1590 Augustinum
775 1491 1009 1563 inveniuntur.
1034 1493 1162 1563 Donati
1188 1514 1269 1564 vero
1298 1489 1344 1563 li·
1383 1534 1388 1542 .

327 1621 479 1703 bertate,
516 1628 638 1714 quarto
665 1614 811 1704 saeculo,
833 1637 969 1687 sacram
999 1613 1215 1713 disciplinam
1238 1615 1342 1713 volgo

325 1740 637 1839 amplectebantur,
668 1739 870 1838 inibantque
901 1743 1172 1832 monasterium,
1204 1744 1240 1814 in
1270 1766 1341 1839 quo

325 1867 471 1962 benigne
492 1864 760 1962 accipiebantur,
782 1866 853 1937 sive
877 1866 990 1962 inquit
1013 1867 1242 1964 Augustinus,
1263 1899 1276 1932 ι
1298 1890 1342 1941 ax

325 1991 501 2089 proposito
525 1990 699 2061 servitutis
721 1990 785 2062 Dei
811 1992 985 2079 venerint,
1006 2014 1051 2062 an
1073 1993 1176 2063 vitam
1202 1993 1340 2090 inopem

325 2139 365 2188 ac
387 2114 595 2188 laboriosam
614 2110 804 2210 fugientes,
836 2115 936 2187 vacui
966 2115 1063 2212 pasci
1090 2127 1195 2212 atque
1222 2115 1339 2188 vestiri

324 2239 513 2330 voluerint,
537 2251 571 2311 et
592 2239 732 2335 iusuper
756 2238 916 2324 honorari
935 2236 980 2310 ab
999 2240 1050 2310 eis
1069 2262 1090 2311 a
1108 2238 1236 2337 quibus
1254 2263 1338 2312 con·

324 2367 431 2439 temni
462 2376 722 2436 consueverant.
747 2395 767 2428 r
794 2365 1011 2436 Auctoritate
1035 2365 1163 2461 potitus
1191 2365 1334 2456 minori,

323 2491 516 2590 Cyprianus
543 2500 660 2562 tamen
681 2487 725 2560 ad
743 2487 869 2560 Africa
884 2489 1123 2593 proconsulem
1143 2490 1338 2564 Demetria-

323 2637 406 2687 nnm
421 2612 528 2685 verba
540 2611 615 2684 baec
635 2613 852 2709 gravissima,
872 2612 1023 2708 aequales
1039 2635 1114 2685 esse
1135 2624 1168 2686 et
1180 2613 1284 2686 heros
1303 2623 1338 2685 ct

323 2758 439 2808 servos
457 2735 641 2832 magnifice
656 2736 834 2833 professus
856 2765 864 2806 ι
891 2767 903 2799 α
925 2739 1001 2834 lpse
1016 2735 1059 2808 de
1075 2761 1175 2810 servo
1191 2749 1250 2810 tuo
1265 2738 1337 2811 exi·

322 2860 376 2956 gis
395 2859 609 2951 servitutem,
626 2873 660 2932 at
677 2859 782 2932 homo
798 2861 974 2933 hominem
984 2885 1104 2957 parere
1121 2861 1184 2933 tibi
1201 2873 1238 2934 et
1253 2861 1337 2936 obs·

322 2978 605 3082 dire'conpetlis.
634 2989 680 3059 Et
706 3012 786 3060 cum
813 2991 858 3062 sit
883 2988 983 3061 vobis
1012 2988 1132 3062 eadem
1156 3015 1230 3063 sors
1253 3013 1336 3064 nas·

322 3110 445 3200 cendi,
476 3110 626 3183 conditio
659 3136 728 3184 una
751 3114 940 3204 moriendi,
976 3137 1160 3210 corporum
1191 3117 1337 3188 materia

321 3237 525 3328 consimilis,
542 3238 734 3310 animarum
753 3238 840 3310 ratio
855 3239 1060 3323 communis,
1075 3240 1199 3334 apauli
1211 3245 1292 3334 jure
1303 3253 1335 3314 et
1372 3314 1384 3327 ,

319 3367 400 3459 pori
412 3365 482 3456 leuc
492 3361 546 3434 vel
558 3361 716 3434 veniatur
728 3362 764 3433 in
776 3362 881 3435 istum
895 3361 1064 3436 mundum
1078 3363 1132 3436 vel
1146 3362 1189 3436 de
1205 3365 1335 3439 mundo

318 3487 512 3574 recedatur,
536 3499 652 3558 tamen
680 3486 749 3558 nisi
776 3486 840 3560 tibi
867 3511 932 3585 pro
957 3488 1103 3561 arbitrio
1118 3501 1177 3562 tuo
1202 3491 1333 3564 servia·

319 3628 389 3707 tur,
411 3614 476 3686 nisi
494 3610 536 3684 ad
557 3609 743 3684 voluntatis
758 3611 964 3710 obsequium
982 3625 1156 3709 pareatur,
1172 3615 1334 3711 imperio·

319 3764 378 3812 sus
399 3756 435 3811 et
452 3738 579 3810 nimius
599 3737 773 3808 servitutis
792 3749 947 3823 exactor,
966 3736 1131 3831 flagellas,
1153 3737 1330 3832 verberas,

320 3863 427 3952 fame,
451 3862 527 3950 siti,
548 3859 712 3949 nuditate,
736 3860 827 3933 ferro
852 3862 958 3934 etiam
980 3863 1177 3960 frequenter
1197 3876 1232 3935 et
1259 3888 1335 3937 car·

318 4012 396 4061 ecre
415 3987 542 4084 affligis
561 4000 596 4058 et
615 3986 770 4075 crucias;
795 3998 830 4059 et
848 4011 917 4060 non
936 3988 1106 4086 agnoscis,
1129 3989 1246 4080 miser,
1268 3986 1332 4061 do·

316 4114 451 4186 minum
479 4113 589 4184 Deum
617 4123 736 4203 tuum,
759 4133 840 4184 cum
866 4111 917 4185 sic
936 4134 1096 4187 exerceas
1119 4113 1192 4210 ipse
1222 4112 1332 4188 domi·
