3300 5272
578 492 645 564 118
885 511 1030 562 enniani
1054 511 1093 560 11
1118 510 1276 561 noersrru

573 644 810 714 auctoritatem
832 654 935 738 atque
953 639 1154 738 dignitatem
1176 638 1467 737 Carthaginiensis
1491 662 1590 738 prm·

573 764 627 837 sul
648 763 935 863 prosequebatur.
956 764 1108 848 Etenim,
1124 762 1210 836 nibil
1229 763 1368 853 clarius,
1385 765 1471 839 nihil
1485 788 1588 864 aper·

569 893 640 963 tius
665 912 770 986 quam
788 912 866 986 quae
890 886 933 960 de
951 886 1133 961 catholicae
1160 891 1426 964 consociationis
1458 889 1588 967 lunda-

568 1031 687 1089 mcnto
710 1016 861 1113 scripsit.
889 1018 975 1087 Cum
997 1014 1104 1112 igitur
1122 1015 1221 1087 circa
1246 1038 1284 1087 se
1307 1012 1441 1089 videret
1463 1027 1583 1090 motus

566 1150 602 1211 et
619 1139 841 1235 agitationem
858 1160 997 1228 rerum,
1017 1160 1099 1210 cum
1123 1161 1182 1211 eos
1200 1140 1259 1236 qui
1277 1139 1375 1211 novis
1387 1138 1490 1212 rebus
1502 1149 1582 1212 stu·

564 1264 692 1338 dobant
706 1278 778 1336 tum
801 1265 922 1335 Romae
935 1274 1008 1333 tum
1028 1262 1236 1361 Cartbagine
1254 1264 1469 1360 conspiceret
1487 1263 1581 1337 mul·

562 1403 617 1462 tos
645 1411 735 1473 cese,
769 1388 1003 1485 principatum
1025 1412 1096 1486 quo
1117 1389 1393 1471 Christianorum
1424 1391 1580 1463 societas

561 1516 718 1588 firmatur
730 1526 834 1610 atque
852 1512 982 1609 regitur·
998 1514 1143 1585 summis
1159 1511 1318 1586 laudibus
1331 1525 1487 1586 oxornat.
1508 1516 1579 1587 Su·

559 1664 680 1739 premo
704 1661 788 1713 eane
813 1636 991 1711 dominatu
1013 1637 1116 1712 unius
1138 1638 1255 1711 omnia
1279 1637 1427 1711 tenenda
1445 1640 1576 1730 sentit3

558 1786 639 1836 nam
650 1759 974 1835 Romanamsedcm
996 1762 1169 1833 ecclesiam
1178 1764 1401 1856 principalem
1414 1764 1578 1837 nominat

556 1890 643 1961 aede
657 1891 771 1962 unitos
785 1889 1000 1961 sacerdotalis
1022 1900 1144 1961 coorto
1161 1902 1210 1962 est
1219 1899 1244 1959 ¹.

602 2014 752 2089 Unitatis
775 2024 892 2085 autem
911 2024 1008 2085 tanto
1032 2036 1151 2085 emere
1174 2011 1412 2088 inflammatus
1429 2014 1508 2107 luit,
1532 2027 1575 2088 ut

554 2163 618 2238 pro
638 2163 679 2213 ca
701 2164 781 2213 cum
796 2134 1027 2210 schismaticis
1049 2135 1234 2223 Africanis,
1252 2138 1445 2211 Novatiano
1465 2150 1571 2235 atque

553 2263 686 2338 caeteris
712 2261 834 2360 proelia
860 2260 1082 2334 conseruerit.
1110 2259 1191 2332 lude
1216 2261 1308 2334 illius
1332 2262 1421 2335 liber
1443 2264 1502 2360 qui
1529 2264 1574 2335 dc

554 2391 686 2461 unitate
721 2388 876 2459 Ecclesia
911 2385 1124 2458 inscribitur.
1151 2386 1352 2459 Boesuctiue
1379 2410 1464 2461 eane
1490 2408 1573 2459 nos·

501 2516 507 2525 '
554 2526 621 2606 ter,
641 2536 721 2587 cum
746 2508 858 2585 cidem
880 2534 994 2608 opcrae
1020 2508 1235 2602 consuleret,
1264 2509 1569 2607 praeclarissimum

553 2653 658 2738 atque
685 2636 940 2734 amplissimum
964 2633 1008 2706 ad
1034 2647 1149 2732 patres
1172 2635 1360 2733 gallicanos
1386 2635 1570 2711 habiturus

555 2783 768 2850 sermonem,
783 2770 903 2854 utpote
914 2758 973 2854 qui
992 2758 1028 2830 in
1042 2757 1244 2830 bominibus
1257 2758 1378 2831 subtili
1388 2770 1571 2832 venustate

555 2885 650 2958 omni
669 2880 924 2955 abundantibus
950 2892 1053 2978 atque
1074 2884 1109 2953 in
1137 2896 1261 2979 pacata
1289 2881 1468 2979 republica
1491 2906 1568 2957 ver·

556 3019 701 3100 seretur,
717 3006 907 3078 orationem
923 3002 1039 3100 lepore
1055 3006 1238 3101 insignem,
1259 3002 1449 3077 eruditione
1469 3026 1568 3101 egre·

555 3133 675 3232 giam,
706 3127 821 3204 lucido
856 3127 1116 3226 praefulgentcm
1144 3127 1293 3219 ordine,
1330 3141 1402 3202 arte
1431 3152 1572 3202 summa

557 3264 796 3351 compactam,
821 3255 915 3325 omni
939 3266 1037 3348 parte
1061 3253 1250 3349 perlectam
1275 3265 1378 3352 atque
1407 3278 1570 3328 cousum-

557 3388 688 3452 matam
707 3374 858 3448 effinxit.
875 3375 932 3447 1116
947 3397 1030 3449 uero
1048 3375 1139 3447 inter
1153 3375 1304 3448 infinitas
1322 3396 1444 3467 curas,
1465 3378 1501 3450 in
1519 3382 1569 3451 161

558 3503 760 3576 Christiana
776 3499 945 3599 procellis,
960 3514 1106 3598 urgente
1124 3500 1231 3593 malo,
1248 3501 1333 3574 nibil
1354 3524 1457 3600 agere
1476 3504 1571 3601 quod

558 3649 627 3699 non
651 3626 774 3714 instat;
801 3623 968 3720 optimam
987 3636 1104 3696 tamen
1128 3634 1307 3697 assecutus
1326 3624 1472 3722 gloriam
1494 3639 1568 3701 tum

557 3746 806 3822 sententiarum
824 3746 1003 3843 gravitate,
1020 3759 1094 3820 tum
1107 3748 1253 3820 scientia
1265 3747 1408 3822 humani
1425 3753 1565 3850 ingenii,

555 3869 716 3943 omnibus
737 3869 930 3941 animorum
958 3868 1109 3942 motibus
1138 3893 1225 3967 quos
1248 3871 1426 3948 bominum
1450 3877 1567 3974 generi

555 4016 669 4069 rerum
683 4004 807 4065 natura
828 3990 949 4064 tribuit
967 3992 1101 4087 penitus
1118 3995 1284 4089 peractis.

589 4186 612 4232 t.
631 4178 752 4243 Epistola
762 4176 823 4241 1111,
841 4191 865 4229 6.
875 4190 932 4238 xrv,
947 4178 985 4227 od
998 4178 1155 4230 cornelium.
