3300 5272
549 414 697 475 usuali
729 415 898 474 tituta
929 415 1045 474 Clllll.
1290 425 1345 474 21³

272 579 474 641 Domesticus
489 578 577 664 prior
588 575 675 638 venit
688 589 870 638 coenaturus
884 573 917 636 in
933 595 1006 636 arva
1020 574 1143 638 recenti
1156 573 1347 638 herbescen-

228 720 271 781 tia
285 717 453 782 viriditate.
477 716 684 802 Comesisque
706 715 785 780 raris
801 736 837 777 ac
852 713 989 778 madidis
1006 713 1159 778 frumenti
1170 713 1346 795 radicibus,

230 862 384 949 nigraque
409 856 593 923 commixtis
624 855 745 936 humo,
773 855 960 918 «Formicae
983 885 996 911 »
1025 855 1085 935 ait,
1117 855 1243 918 «vitam
1266 857 1346 921 rivis

228 1033 241 1057 «
258 1023 463 1082 erumnosae,
483 1000 547 1063 ima
569 997 628 1063 sub
645 998 757 1061 tellure
773 996 896 1061 hordea
911 995 1030 1060 rodens
1048 997 1179 1060 minuta.
1203 1002 1246 1062 At
1265 999 1346 1063 mihi

229 1175 242 1199 ι
260 1158 334 1206 sunt
359 1141 475 1218 multa,
499 1139 666 1227 multaque
695 1153 875 1226 supersunt.
904 1139 1026 1216 Cornu,
1051 1138 1077 1200 si
1102 1141 1248 1203 conlerar
1274 1141 1346 1221 tibi,

228 1286 363 1372 «ipsum
386 1283 499 1347 habito
520 1280 708 1346 Amaltheae.
736 1281 819 1344 Mihi
844 1280 871 1343 si
893 1281 999 1343 socius
1023 1278 1096 1361 fies,
1117 1283 1251 1369 opipare
1269 1304 1345 1369 epu·

226 1459 238 1482 ·
256 1425 372 1490 laberis
382 1425 423 1490 ad
435 1423 541 1505 libita,
554 1423 664 1488 relicto
685 1422 778 1511 talpis
790 1445 867 1511 agro
882 1445 979 1511 quem
1002 1421 1160 1487 fodiant».

271 1567 453 1655 Agricolam
468 1565 604 1631 abduxit
624 1588 767 1647 murem,
786 1566 838 1629 cui
854 1566 1012 1653 persuasit
1025 1582 1061 1629 ut
1077 1564 1209 1629 domuin
1223 1567 1347 1629 veniret

226 1724 413 1794 tectumque
430 1709 552 1772 subiret
565 1707 716 1772 hominis.

268 1848 460 1912 Monstravit
482 1862 588 1911 autem
616 1847 665 1910 illi
697 1849 754 1912 ubi
782 1846 893 1912 farina
925 1849 1037 1937 copia,
1062 1849 1260 1937 leguminum
1288 1850 1342 1913 ubi

225 2013 356 2054 acervus
374 1989 473 2070 foret,
493 1986 619 2051 doliave
645 1986 786 2069 ficuum,
815 1989 966 2076 urceique
992 1989 1095 2052 mellis
1118 2004 1149 2052 et
1169 1989 1344 2076 palmarum

227 2147 340 2196 strues.

270 2275 314 2336 Ut
342 2290 455 2338 cuncta
489 2273 653 2360 hospitem
682 2271 907 2349 delectabant,
939 2286 973 2331 ut
1002 2269 1089 2331 facto
1124 2269 1242 2354 impete
1266 2265 1346 2329 edu-

225 2416 319 2480 cebat
333 2429 470 2478 tractum
485 2436 504 2477 e
519 2413 692 2478 calathisco
711 2435 857 2494 caseum,
873 2411 977 2474 valvas
994 2410 1096 2498 aperit
1111 2408 1232 2496 aliquis.

269 2559 354 2621 'sum
367 2557 521 2623 exsiliens
543 2559 622 2621 arcti
639 2558 671 2620 in
693 2578 851 2619 recessum
872 2553 1040 2619 foraminis
1055 2551 1179 2639 aufugit
1194 2549 1345 2638 pavidus,

226 2699 394 2764 incondito
412 2723 478 2763 non
495 2701 565 2764 sine
587 2723 767 2779 murmure,
786 2721 822 2761 ac
838 2698 981 2786 pondere
997 2695 1184 2783 opprimens
1203 2692 1345 2780 corporis

225 2839 473 2903 convivatorem.

271 2981 347 3045 Post
361 3003 459 3044 morae
481 2981 658 3068 pauxillum
682 3003 835 3070 promens
849 3002 883 3043 se
899 2979 1003 3060 loras,
1020 2979 1069 3041 ori
1088 2978 1220 3062 jamjam
1235 2972 1345 3037 admo-

226 3404 287 3461 θείας
296 3406 372 3468 siper·
384 3405 408 3455 is
418 3406 566 3473 ιύνομίςιγὰρ
577 3408 691 3458 einim
699 3409 754 3458 ἐντί.
810 3411 892 3459 ctores
906 3408 1080 3473 impediebant.
1096 3409 1138 3459 illa
1154 3409 1267 3459 adhibuit
1285 3409 1346 3459 lexi-

259 3487 296 3532 lo.
323 3488 352 3544 λ,
372 3484 465 3550 πλήρη,
489 3485 609 3546 adjectivo
628 3486 756 3548 pendente.
810 3489 947 3552 cographus
968 3493 995 3537 ut
1014 3487 1128 3538 versibus
1144 3502 1159 3538 a
1174 3489 1237 3539 serie
1253 3488 1346 3537 avulsis

226 3568 316 3611 Forsan
339 3561 536 3626 pertitnenat,
553 3564 655 3627 ἀλφίτων
682 3567 758 3631 πλήρη
809 3568 930 3620 anuntio
942 3571 1074 3618 constaret.

225 3644 356 3705 Ἀργεῖα...
375 3641 518 3705 Displiceret
529 3645 648 3694 correctio
660 3647 758 3710 πλήρης,
843 3655 881 3698 22.
899 3648 969 3699 cont.
979 3647 1037 3698 rab.
1050 3653 1104 3710 tlt,
1115 3655 1138 3697 2.

227 3720 303 3769 relato
315 3718 438 3780 adiectiro
451 3719 483 3769 ad
498 3722 582 3784 σωρὸς,
600 3721 666 3783 qirod
682 3723 758 3787 σωρὸς
843 3732 882 3777 23.
906 3731 1005 3788 Forsan,
1026 3728 1121 3792 τρὺζων.
1143 3725 1237 3784 suidas,
1256 3715 1344 3790 τρύζιὶ·

226 3801 314 3865 πλήρης
323 3801 424 3861 ἀλφίτων
433 3813 484 3850 non
494 3801 600 3850 multum
609 3800 698 3850 habeat
707 3814 760 3864 pro·
811 3806 933 3870 ψιθυρίζει,
954 3807 1071 3868 sospitet,
1090 3805 1189 3867 ἀσήμως
1211 3805 1284 3854 λαλεῖ.
1303 3811 1346 3868 Ep.

226 3879 346 3942 prietatis,
361 3884 387 3931 et
397 3880 464 3944 quod
479 3894 517 3930 res
531 3880 631 3944 reiquae
647 3892 759 3929 morsum
812 3884 871 3934 rab.
887 3890 942 3947 112,
953 3890 977 3945 8,
989 3890 1032 3947 μῦς
1044 3885 1171 3949 inipetu.

225 3960 388 4011 nominantur.
399 3960 489 4025 scripsi
498 3963 595 4024 πλῆθος,
605 3961 689 4011 lectori
701 3973 757 4011 con·
844 3966 882 4012 tt.
901 3970 930 4023 λ,
947 3962 1029 4026 μικρὸν
1038 3962 1068 4010 τ’.
1079 3961 1169 4024 scripsi
1179 3979 1204 4023 μ.
1216 3963 1237 4011 δ’
1246 3974 1276 4011 ex
1293 3962 1347 4011 sui-

225 4040 317 4090 sulens.
812 4041 851 4091 da.
871 4043 956 4093 suidas
973 4043 1039 4092 enim
1061 4042 1088 4091 in
1113 4043 1245 4105 Καμειραία
1262 4041 1343 4106 ἰσχάς·

260 4123 297 4168 tt.
315 4123 344 4179 λ,
360 4121 475 4184 σωραιοί.
490 4122 577 4173 suidas
587 4136 611 4172 v·
626 4123 755 4184 σωρᾰκους·
813 4119 921 4184 liddam·
933 4141 945 4164 ¹
958 4122 1048 4185 Μικρὸν
1063 4122 1084 4170 δ’
1096 4122 1241 4184 ἐπισχὼν...
1260 4124 1348 4186 Καμει-

228 4194 638 4264 Βίὸριος·«11οῦδ’ὸσπρίωνήν
656 4201 759 4265 σωρὸςὴ
815 4200 889 4264 patae.
921 4199 1022 4250 codices
1050 4199 1133 4251 suida
1164 4197 1221 4249 οὔτ’.
1254 4201 1347 4264 inpius

227 4274 293 4330 πίθος
311 4275 407 4337 σύκων,
420 4275 521 4339 Στάμνος
532 4312 551 4329 ..
564 4311 570 4323 .
583 4277 708 4340 emilam
726 4279 761 4328 si·
814 4277 915 4327 Emend.
925 4280 945 4327 t.
957 4281 981 4339 1,
993 4291 1016 4340 p.
1025 4282 1071 4328 305
1080 4277 1188 4328 correxit
1197 4278 1248 4341 εἶτ’,
1260 4279 1349 4330 merito

228 4365 276 4416 gna
296 4351 462 4414 interrogandi
480 4353 670 4418 fragmentorum
685 4355 761 4404 colle·
816 4359 965 4420 recepturis
976 4357 1121 4409 Gabiordio.
1135 4359 1348 4425 fleursiustthodo
