3300 5272
314 445 334 481 x
636 422 814 483 EDl‘l’OlllS
835 423 1094 484 Pannonium.

315 590 485 666 mamque
504 566 641 638 facient
656 566 787 638 fabulae
801 593 905 640 novae
923 593 1078 640 numero
1096 581 1243 640 centum
1259 581 1293 639 et
1307 570 1446 665 viginti

315 698 405 773 tres5
429 681 566 779 grande
587 706 702 780 opus,
721 682 820 755 unde
847 687 905 755 ar‘s
926 699 1042 782 poetae
1065 699 1101 754 et
1128 683 1303 754 orationis
1323 684 1453 760 scitus

312 797 413 897 lepos
441 813 538 869 recte
561 813 703 894 queunt
728 799 910 871 aestimari.
938 803 1066 896 Neque
1089 798 1141 869 illi
1163 813 1339 896 poterunt
1367 826 1433 872 uo·

314 938 401 986 cere·
420 914 491 984 rari
515 937 660 1003 versus,
674 911 719 983 de
737 938 896 1010 quorum
915 917 1094 1013 scriptura
1113 913 1299 986 dubitabit
1320 915 1434 987 lector

314 1025 483 1121 criticus,
499 1054 594 1126 quos
614 1028 753 1101 sanabit
774 1030 894 1101 forsan
919 1030 1002 1102 felix
1025 1030 1222 1119 divinatio,
1240 1029 1295 1101 vel
1318 1030 1433 1102 codex

314 1146 417 1218 alius.
532 1198 536 1206 ‚

363 1260 652 1359 Exspectandum
666 1262 762 1332 enirn
783 1261 893 1332 trium
914 1260 1040 1332 saltem
1056 1260 1226 1332 codicum
1246 1260 1431 1332 auxilium.

358 1366 512 1447 'Emetur
533 1374 646 1447 codex
666 1380 804 1447 Sanctae
827 1381 968 1463 laurae,
990 1375 1046 1446 vel
1074 1376 1207 1472 poterit
1231 1374 1435 1469 diligenter,

315 1493 397 1565 data
418 1492 630 1579 occasione,
653 1515 736 1562 curn
754 1491 914 1562 editione
931 1490 1099 1562 conferri.

366 1609 503 1680 Exstitit
521 1608 558 1679 in
571 1605 796 1679 bibliotheca
811 1611 951 1678 Sanctae
968 1607 1087 1677 Mariae
1108 1608 1245 1677 Grottae
1261 1610 1287 1675 F
1289 1629 1434 1702 errarae,

315 1723 414 1795 haud
436 1722 564 1820 procul
590 1722 765 1807 Tusculo,
787 1721 903 1793 codex
922 1721 1054 1793 saeculo
1074 1719 1271 1791 undecimo
1284 1721 1434 1791 ineunte

315 1853 493 1924 exaratus,
508 1837 544 1906 in
569 1861 645 1932 quo
668 1840 705 1905 P.
723 1835 937 1907 Ronrolinus
950 1836 1042 1906 inter
1058 1835 1153 1906 varia
1167 1834 1342 1931 opuscula
1357 1858 1434 1930 my·

316 1952 414 2024 thica
433 1951 525 2022 vidit
549 1951 694 2047 triginta
716 1949 853 2021 fabulas
875 1951 1036 2046 AEsopias
1053 1948 1245 2020 «versibus
1269 1947 1434 2019 iambicis

315 2067 374 2139 vel
387 2067 512 2166 potius
527 2065 759 2136 scazontibus
775 2098 792 2131 u
812 2067 944 2160 ligatas.
969 2064 1150 2137 Romolini
1168 2064 1278 2135 verba
1306 2063 1434 2134 disser-

317 2184 455 2254 tissima
479 2181 637 2278 reperire
662 2196 716 2251 est
748 2180 784 2251 in
816 2181 1140 2277 Noribergensibus
1167 2180 1289 2250 Murrii
1317 2179 1436 2278 Ephe·

316 2296 623 2384 meridibus‚ann.
642 2296 747 2393 1789,
759 2295 858 2366 unde
873 2296 1018 2366 luerunt
1031 2296 1209 2392 exscripta
1218 2293 1264 2365 ab
1273 2294 1435 2365 llarlesio

316 2413 359 2484 in
374 2412 465 2484 Bibl.
485 2416 629 2500 Groeca,
648 2426 672 2481 t.
692 2416 727 2498 l,
743 2436 778 2508 p.
797 2410 892 2498 635,
908 2412 973 2508 qui
996 2409 1114 2481 Babrii
1130 2434 1255 2481 versus
1269 2434 1347 2481 esse
1361 2410 1436 2480 nul·

316 2527 373 2599 lus
394 2526 558 2611 dubitat;
572 2550 615 2595 ex
632 2525 855 2596 Bibliotheca
871 2528 932 2594 Gr.
955 2524 1016 2595 illa
1036 2539 1204 2620 repetunt
1224 2524 1433 2596 Schwabius

315 2643 454 2716 Notitia
478 2639 524 2711 de
549 2639 716 2728 Phaedro,
739 2664 775 2736 p,
799 2639 867 2726 bo,
889 2638 1078 2710 Knocbius
1106 2639 1274 2712 Editioue
1296 2640 1434 2727 Babrii,

317 2782 353 2855 p.
375 2755 432 2828 25.
458 2758 616 2852 Rogatus
639 2779 658 2824 a
681 2779 739 2825 me
754 2753 819 2825 Ab.
847 2754 1054 2842 Vr'llemain,
1070 2756 1125 2826 vir
1144 2755 1280 2844 excell,
1299 2757 1434 2853 inquiri

317 2872 457 2943 curavit
482 2870 527 2942 de
553 2895 597 2942 eo
624 2868 771 2958 codice,
795 2885 830 2940 et
860 2893 1075 2967 responsum
1103 2871 1185 2959 tulit
1208 2872 1317 2942 fuisse
1342 2873 1436 2943 circa

317 2985 429 3056 linem
449 2984 572 3056 saeculi
592 2985 791 3080 superioris
816 3009 836 3054 1
864 2983 1085 3056 bibliotheca
1115 2986 1274 3057 Mariana
1300 2990 1437 3058 Grottae

319 3105 470 3172 Ferratae
483 3098 658 3171 ablatum.
682 3102 736 3170 De
762 3097 845 3170 loco
869 3099 906 3169 in
928 3124 1037 3195 quem
1054 3100 1100 3170 sit
1122 3098 1315 3173 translatus
1336 3126 1436 3172 nunc

319 3214 359 3286 fit
374 3213 610 3310 investigatio.

366 3332 503 3401 Tertius
523 3342 637 3399 exstat
659 3328 694 3398 in
720 3328 893 3424 Hispania
922 3327 1055 3417 codex,
1076 3328 1112 3400 b.
1144 3333 1298 3402 llnustio
1319 3333 1437 3429 inspe-

319 3459 419 3534 ctus,
435 3468 620 3541 quemque
633 3467 671 3514 se
678 3444 813 3537 Ι11111111
825 3442 1091 3540 descripturum
1107 3471 1184 3517 esse
1199 3445 1343 3518 dicebat
1358 3447 1437 3518 lite·

320 3559 368 3630 ris
382 3557 429 3630 ad
443 3559 620 3629 Pertzium
637 3558 754 3628 virum
771 3558 950 3629 eruditiss.
973 3561 1118 3632 Matrilo
1133 3561 1225 3632 datis
1236 3561 1271 3631 d.
1287 3566 1331 3648 ad
1347 3561 1434 3634 febr.

320 3699 352 3746 1.
385 3673 491 3763 1841,
512 3673 634 3770 paucis
662 3688 746 3743 11111
769 3688 923 3744 mortem
955 3675 1161 3764 mensibus3
1190 3702 1272 3747 nam
1297 3678 1438 3748 Parisiis

319 3789 416 3861 diem
442 3813 654 3886 supremum
676 3787 767 3859 obiit
785 3789 842 3858 vir
858 3788 971 3860 desid.
992 3790 1028 3860 d.
1046 3816 1070 3887 9
1088 3815 1134 3861 m.
1155 3791 1316 3863 octobris
1341 3791 1436 3886 ejus·

320 3904 404 3976 dem
414 3904 512 3976 anni.
531 3904 673 3975 Certior
688 3918 810 3973 autem
826 3903 941 3975 sactus
955 3930 1049 3994 suin,
1063 3906 1179 3976 Babrii
1195 3930 1315 3994 causa,
1327 3907 1435 3977 etiam

320 4021 407 4107 mci,
428 4044 508 4116 quae
521 4034 575 4090 est
593 4019 659 4089 viri
679 4018 715 4089 d.
738 4019 947 4089 humanitas
971 4044 1115 4115 magna,
1139 4023 1316 4091 Pertzium
1337 4025 1436 4093 llnn·

319 4135 450 4205 stianas
469 4132 619 4205 schedas
635 4133 764 4206 sedulo
784 4159 863 4205 esse
881 4135 1215 4231 pervolutaturum3
1228 4152 1284 4224 et,
1304 4137 1334 4207 si
1357 4163 1436 4233 quae

320 4249 548 4344 reperientur
558 4248 604 4320 ad
620 4249 791 4321 Babrium
804 4251 1049 4347 pertinentes,
1069 4275 1212 4322 mecum
1232 4254 1436 4324 communi·

320 4378 439 4435 catum
461 4365 517 4434 iri.
