3300 5272
325 411 369 481 82
623 430 662 479 ns
687 431 885 481 cuntsrnun
908 434 1028 482 semen

322 558 418 649 here,
431 570 493 631 aut
507 556 615 647 domi,
629 560 659 629 si
677 580 764 654 poce
779 558 988 653 fruerentur,
1012 574 1087 655 aut,
1105 564 1135 635 si
1152 586 1330 664 oppugna·
1351 621 1354 629 .

321 692 452 771 rentur,
466 681 557 755 inter
574 703 671 755 orcos
695 694 731 754 et
750 681 882 773 hortos,
901 695 1003 781 atquc
1020 685 1221 761 dominicum
1240 687 1332 762 cele·

320 805 423 881 brace
434 804 628 879 solebant¹.
642 807 721 878 lam
734 805 989 881 collocabantur
1006 812 1109 883 cordo
1126 808 1172 882 ad
1186 835 1332 886 munera

320 928 533 1027 excipienda.
551 931 821 1004 Donorumuero
833 953 914 1026 pars
926 930 1333 1031 alterspauperihuserat

319 1052 511 1153 erogands3
537 1054 623 1127 hinc
642 1052 688 1126 ad
709 1055 908 1128 Eucratinm
933 1078 1016 1130 cum
1045 1058 1168 1132 scribit
1188 1061 1331 1157 Cypria·

319 1203 399 1270 nus,
419 1177 623 1251 histrionem
640 1200 745 1275 quem
768 1201 789 1249 a
816 1177 962 1251 theatris
980 1178 1154 1255 deterrere
1175 1195 1328 1280 exoptat,

318 1300 586 1377 adscribendum
603 1325 680 1374 esse
698 1300 783 1375 dicit
803 1303 892 1375 inter
920 1325 979 1375 eos
1003 1306 1062 1401 qui
1084 1305 1255 1378 alimentis
1271 1331 1333 1380 ec-

319 1428 433 1503 clesiae
446 1438 693 1519 sustentantur,
713 1426 902 1501 dummodo
917 1428 1010 1500 tenui
1020 1451 1142 1503 mensa
1152 1442 1332 1505 contentus

317 1555 397 1636 sit²;
417 1551 527 1625 altera
548 1574 630 1648 pars
651 1551 817 1623 ministris
837 1574 879 1624 ac
900 1550 1012 1626 viduis
1039 1552 1083 1627 ad
1105 1555 1187 1627 vitae
1214 1578 1333 1629 neces-

318 1679 422 1764 saria,
435 1675 614 1750 mensibus
622 1675 778 1775 singulis,
792 1675 859 1749 sub
870 1700 1101 1750 mensurarum
1111 1679 1250 1750 nomine
1264 1678 1334 1751 dis·

317 1799 569 1877 tribuebatur³.
592 1804 663 1874 lrno
687 1801 843 1894 sportrca
862 1813 960 1873 erant
983 1825 1131 1899 quarum
1147 1803 1333 1899 participes

317 1926 445 2016 clerici,
478 1924 627 1999 fortasse
653 1936 813 2023 egentes,
841 1926 1064 2019 sportulantes
1085 1926 1331 2001 vocabantur-⁴.

317 2047 492 2124 Modicam
522 2071 604 2121 vero
632 2050 758 2144 stipem
785 2049 933 2145 quisque
969 2077 983 2112 ι
1018 2073 1081 2122 suo
1110 2046 1218 2124 dabat
1240 2048 1334 2147 jndi-

318 2177 371 2249 cio
388 2173 612 2270 arbitrioque,
639 2195 721 2245 nam
746 2196 849 2245 nemo
873 2173 1103 2270 compellitur,
1124 2172 1185 2247 sed
1212 2185 1335 2271 sponte

317 2299 453 2372 confert
463 2286 491 2368 ⁵.
520 2327 534 2361 ι
559 2294 742 2393 Equibus,
763 2306 891 2392 prater
916 2295 1126 2393 pauperibus
1140 2295 1271 2371 alendis
1294 2320 1336 2371 ac

318 2425 453 2499 clericis
476 2422 655 2521 viduisque
679 2420 912 2495 sustentandis
935 2421 1078 2512 tributa,
1100 2452 1114 2486 α
1136 2424 1252 2521 egenis
1269 2422 1335 2497 hu·

252 2600 254 2604 v
319 2547 467 2637 mandis,
485 2559 520 2623 et
533 2546 649 2645 pueris
666 2570 709 2619 ac
722 2546 845 2644 puellis
860 2571 898 2620 re
918 2569 959 2619 ac
974 2545 1176 2644 parentibus
1191 2544 1336 2619 destitu-

321 2680 378 2765 tis,
396 2684 540 2775 jomquc
554 2671 754 2747 domesticis
777 2671 929 2761 senibus,
947 2672 1030 2744 item
1045 2671 1222 2769 naufragis
1243 2672 1336 2770 (per-

324 2800 422 2876 multi
445 2800 539 2873 enim
561 2800 598 2870 in
619 2799 709 2872 muri
726 2821 811 2869 saco
824 2809 855 2870 et
877 2799 1089 2892 importuoso,
1116 2796 1337 2893 naufragium

326 2920 575 3019 patiebantur),
598 2934 633 2993 et
653 2921 684 2992 si
706 2921 766 3016 qui
784 2920 821 2993 in
839 2918 988 2993 metallis
1008 2919 1092 2992 etsi
1111 2920 1224 3014 quiin
1242 2920 1338 2992 insu·

325 3048 370 3121 lis
382 3045 437 3119 vel
450 3047 486 3118 in
505 3041 667 3118 custodiis
677 3041 707 3133 ⁶,
730 3045 949 3117 »maximam
962 3043 1147 3139 pecuniam
1164 3042 1338 3141 impertie-

329 3171 470 3247 bantur.

365 3409 389 3456 t.
408 3405 446 3455 Dc
455 3404 578 3454 orottom
588 3401 724 3459 docetote„
736 3401 763 3450 et
771 3397 806 3450 de
813 3401 890 3463 oper.
903 3401 929 3448 et
943 3399 1060 3450 eleemos.

366 3498 389 3542 2.
408 3483 545 3554 Cyprias..
555 3487 640 3549 aput.
655 3481 718 3536 txt.

364 3580 388 3625 ³.
404 3574 502 3639 Bptst,
513 3569 627 3622 xxvltt.

366 3661 390 3710 t.
408 3657 494 3723 aput.
507 3652 620 3714 mlv,
632 3666 656 3706 c.
668 3666 695 3712 v,
706 3655 733 3705 ct
742 3654 828 3718 Bptst.
841 3650 937 3711 txvn.
949 3663 973 3703 c.
983 3662 1004 3702 1.
1017 3645 1103 3700 Medio
1112 3658 1169 3699 svo
1178 3643 1258 3698 verba
1267 3648 1343 3697 erant

332 3740 465 3808 sportula,
483 3742 588 3805 sporta,
603 3737 732 3803 sportolo,
746 3735 886 3802 esportule,
900 3731 999 3802 quibus
1010 3727 1152 3785 honoraria
1162 3726 1233 3782 dona
1244 3725 1341 3781 charta

333 3821 490 3891 significant.
509 3820 548 3874 Ex
565 3818 662 3889 sportis
677 3833 740 3872 vero
760 3833 805 3872 son
824 3815 967 3871 canistellis
979 3827 1077 3871 nomen
1093 3810 1251 3874 deducitur,
1264 3825 1298 3865 ex
1312 3822 1343 3863 co

333 3907 405 3978 quod
417 3905 445 3960 in
456 3905 613 3958 sismunero
624 3900 715 3969 colligi
727 3899 853 3955 solebant.
1251 3897 1253 3900 ‘

368 4004 392 4046 5.
411 3987 511 4043 'lerlull
524 4025 530 4045 ,
544 3989 620 4054 Apol.
630 3986 746 4039 mlx.

367 4087 393 4131 c.
414 4073 549 4144 cyprian..
561 4074 644 4137 Eptst.
658 4070 688 4120 V.
