3300 5272
234 394 237 401 ’
336 400 399 471 194
756 391 934 466 ιιιιινιιιιον

328 544 505 638 παρόρασιν.
528 539 592 607 Καὶ
610 540 695 619 τέλος
719 533 803 618 ἠξίου
820 543 936 626 βοηθεῖν
951 528 963 570 ¹
979 542 1036 616 ὅση
1056 531 1183 635 δὺναμις
1203 554 1242 639 τῇ
1259 547 1333 617 ἀπο·

328 667 431 762 πυχίορ,
444 665 496 733 οιαὶ
508 664 634 758 φίλτρον
653 668 732 759 αὑτῇ
750 665 931 760 ἀντίρροπον
947 663 1129 760 έπιπίμψαι,
1149 667 1200 736 καὶ
1213 680 1345 745 κινῆσαι,

325 793 398 884 πρὸς
420 781 652 881 ἐπιθυμίαντοῦ
675 790 802 882 έραστοὺ
823 790 881 863 τήν
901 793 997 869 οὑτως
1015 795 1221 884 ὑπεροπτικῶς
1244 795 1332 887 ἔχου.

325 941 391 983 σαν.
408 920 516 983 Ταῦτα
531 913 583 1003 μὲν
601 916 708 991 ἐκεῖνος
722 912 800 1007 ἠτιι·
819 915 879 1008 ἐγὼ
891 904 927 981 δέ
942 909 1058 1000 βίὺλοις
1073 917 1111 983 τὸ
1125 917 1240 1012 θαρρεῖν
1254 920 1332 1012 έχων

323 1045 388 1117 ταῖς
406 1043 548 1131 μαγικαῖς
566 1035 618 1104 καὶ
633 1043 696 1114 τοῖς
712 1027 868 1128 δαίμοσιν,
887 1038 1005 1130 ἀμελεῖν
1026 1041 1181 1130 έιιέλευον,
1206 1050 1331 1136 ταχεῖαν

321 1165 394 1236 ὅσην
417 1159 671 1254 έπαγγιιλσίμενος
690 1162 746 1228 τήν
766 1160 914 1245 βοήδνιαν.
935 1147 1001 1231 Eva
1016 1173 1087 1256 γοῦν
1102 1171 1164 1232 τῶν
1178 1156 1331 1259 δαιμόνων

321 1287 463 1370 καλέσας,
482 1293 669 1375 παραγυμνῶ
687 1284 724 1351 τὸ
743 1288 884 1378 πρᾶγμα,
901 1283 952 1351 καὶ
968 1285 995 1352 οῖ
1013 1312 1057 1365 τις
1077 1290 1161 1373 αὑτῷ
1178 1279 1332 1384 δύναμις2

321 1409 526 1504 συμπράττειν
546 1401 664 1484 ἠξίουν·
688 1397 774 1497 ὑδῖ,
799 1412 858 1498 πρὸ
881 1410 935 1502 μὶν
956 1420 1011 1489 τῆς
1031 1411 1154 1505 πείρας,
1178 1415 1271 1493 πολὺς
1293 1413 1330 1490 ἠν

319 1535 374 1606 τήν
389 1536 494 1624 ὑρρὺν,
505 1530 556 1597 καλ
570 1531 675 1623 διρμὺς
688 1534 745 1606 τήν
759 1532 954 1627 ἐπαγγελίαν,
969 1533 1020 1601 ιιαὶ
1034 1529 1076 1602 τὰ
1088 1522 1102 1565 ⁸
1115 1537 1220 1605 πάντα
1235 1539 1330 1634 πρέτ·

319 1680 378 1725 τιιν
397 1666 442 1744 τῷ
458 1643 556 1720 δοκεῖν
570 1644 744 1746 δυνάμενος·
760 1654 897 1723 ἀπελθὼν
915 1646 963 1740 δέ,
976 1656 1075 1752 ααὶτῇ
1092 1659 1165 1753 ιιιίρρ
1180 1658 1328 1752 συνάψας,

319 1781 375 1863 μὺς
396 1776 489 1866 ῖροένη
509 1779 611 1844 λέοντι
625 1771 821 1869 προσὺαλὼν,
836 1777 855 1853 ἠ
870 1778 1017 1873 ιιοίνθαρος
1031 1780 1113 1867 οἱετῷ
1135 1785 1209 1877 πρὸς
1229 1786 1329 1861 πάλην

318 1903 430 1994 έρίσας·
455 1901 553 1996 φυγὰς
569 1899 628 1996 γὰρ
647 1902 722 1996 πρὸς
741 1906 823 1995 ἠμιῖς
845 1905 995 1992 έπανήιοε,
1016 1904 1068 1971 καὶ
1085 1905 1154 1973 λίαν
1173 1899 1327 1990 καταδεής

318 2034 334 2096 ὑ
352 2029 411 2118 πρὸ
429 2037 484 2093 τοὺ
531 2028 625 2121 μέγας
640 2024 691 2093 καὶ
711 2031 767 2102 τήν
786 2031 882 2121 ὑρμήν
897 2027 1118 2108 ἀνυπόστατος.
1134 2016 1201 2124 Ἐμὲ
1221 2025 1256 2100 δῖ
1275 2035 1327 2102 έιι·

316 2142 422 2228 πληξῑς
445 2144 516 2242 εἶχε,
541 2157 604 2226 πῶς
622 2151 717 2226 οὑτως
736 2151 840 2224 ἁπαλή
860 2149 1006 2244 παρθένος
1027 2150 1144 2238 καὶτῷ
1166 2157 1261 2224 παντὶ
1282 2161 1328 2225 εὑ-

316 2276 452 2352 πτόηπος
469 2266 544 2339 εἶναι
568 2273 738 2365 μέλλουσα,
761 2275 796 2340 οὑ
814 2272 905 2364 μόνον
932 2277 988 2341 οὑιι
1013 2269 1070 2354 εἶξε
1096 2275 1149 2367 βία
1172 2280 1224 2347 οιαὶ
1242 2306 1328 2375 περς.

318 2408 423 2492 αγωγῇ
443 2389 598 2487 δαίμονος,
615 2392 696 2463 ἀλλὰ
713 2397 765 2463 καὶ
786 2390 901 2491 ροὺερῖι
923 2399 1024 2486 ποὺτιρ
1042 2403 1194 2485 κατέστη,
1212 2403 1272 2470 τίνι
1292 2394 1328 2472 δὲ

318 2524 370 2590 ιιαὶ
387 2523 474 2605 ὅπλῳ
492 2509 688 2613 ἐρειδομένη5
704 2524 761 2614 οὑχ
776 2522 858 2599 ὅπως
873 2520 1030 2606 ἀπώσατο,
1044 2521 1125 2592 αλλὰ
1138 2523 1190 2592 καὶ
1202 2518 1328 2620 ψυγοίδα

305 2658 429 2740 ,τοῦτον
448 2651 487 2723 ὡς
504 2646 585 2737 ἡμᾶς
606 2640 841 2737 παρεπέμψατο.
864 2644 924 2713 Διὰ
945 2656 1047 2714 ταῦτα
1067 2650 1176 2739 μεστὸς
1195 2646 1326 2740 ὑποψίας

319 2768 354 2842 ἠν
381 2771 433 2836 καὶ
458 2757 567 2844 δειναῖς
590 2764 715 2845 έννοίαις
739 2767 899 2834 ίπιίλαιον·
927 2770 1002 2860 έμοὺ
1026 2758 1062 2835 δέ
1086 2769 1327 2864 πυνθανομένου,

319 2894 371 2959 καὶ
390 2882 543 2978 διψῶντος
560 2886 665 2979 μαθεῖν
686 2892 739 2962 τήν
763 2888 876 2970 αἰτίαν,
890 2892 1031 2982 ιιρὺπτιιν
1047 2892 1101 2983 μέν
1126 2886 1272 2966 ἠὺουλετο
1290 2897 1327 2962 τὸ

182 3052 189 3075 ι
320 3008 477 3107 δαιμόνιον
505 3011 558 3078 οιαὶ
583 3010 668 3102 ποίσῃ
702 3020 825 3104 μηχανῇ
857 3014 1092 3104 συγκαλύπτειν.
1126 2998 1173 3092 ίλς
1206 3005 1242 3081 δέ
1272 3020 1328 3083 οὑιι

321 3141 411 3208 ἀνίειν
422 3140 495 3234 έγοι,
509 3136 597 3230 μόλις
610 3134 687 3202 ποτῖ
698 3134 750 3201 καὶ
762 3122 860 3201 οἶιιυνθ
873 3141 1025 3230 ὁμολογεῖ,
1033 3136 1085 3204 οιαὶ
1098 3137 1137 3204 τὸ
1154 3138 1327 3232 ἀπόρρητον

321 3266 516 3349 έιυιαλέπτιι,
530 3253 657 3354 δὺναμιν
676 3246 785 3327 εῖνιδν7
801 3258 881 3326 Θείαν
899 3262 971 3353 παρ’
983 3264 1059 3356 αὑτῇ
1072 3248 1087 3290 ⁸
1100 3256 1186 3348 εἶναι,
1199 3264 1251 3331 καί
1263 3268 1329 3333 Μαι

320 3390 353 3456 πὶ
374 3393 495 3482 σημιῖου
512 3394 641 3478 ρανήναι
660 3383 800 3477 φριιιπδν,
815 3380 906 3477 οὗπερ
930 3374 1002 3452 οὑδῖ
1028 3385 1121 3476 μένην
1144 3386 1249 3463 ἁπλῶς
1271 3386 1327 3462 τήν

320 3513 389 3581 δέον
414 3513 559 3597 ὑπέστην,
577 3505 658 3575 ἀλλὰ
675 3503 772 3602 ρυγοὶς
797 3506 946 3600 έποίνειμι.
968 3510 1077 3587 Οὕτως
1097 3508 1208 3576 έκείνου
1232 3534 1328 3577 κατα·
1358 3510 1362 3515 ’

318 3635 516 3730 γνωσθέντος,
536 3631 628 3708 αὐτὸς
646 3633 701 3699 οὑκ
721 3633 869 3723 ἠμέλουν·
892 3627 1040 3698 ἀλλὰκαὶ
1062 3632 1162 3723 ἕτερον
1187 3627 1328 3722 ἔπεμψα,

357 3860 378 3900 1.
397 3852 501 3908 Μαθεῖν,
517 3853 545 3902 B.
865 3858 889 3900 ὁ.
908 3849 1073 3912 Ἔνειδομένη,
1087 3849 1116 3897 Β.

354 3943 377 3983 2.
394 3934 460 3988 Add.
473 3938 499 3994 ἡ.
512 3935 541 3984 Β»
864 3939 887 3981 ὑ.
903 3935 994 3994 Ἄκων,
1008 3934 1036 3984 Β.

353 4027 378 4075 3.
396 4023 480 4085 neat,
491 4021 521 4073 G.
864 4022 888 4067 7.
907 4015 997 4073 Ελπὼν,
1010 4016 1037 4067 Β.

352 4110 376 4156 4.
394 4106 509 4172 Πρώτου,
521 4105 549 4155 Β.
863 4106 887 4150 8.
906 4099 998 4157 Αὑτήν,
1014 4099 1042 4148 Β.
