3300 5272
326 490 374 565 28
630 508 671 560 oe
696 506 894 558 cunrsruun
919 506 1039 558 ermen

325 635 410 714 Aliis
427 647 544 715 annm
566 635 702 731 diebus,
724 632 849 711 stodiis
876 636 1048 711 consuetis
1063 659 1204 736 operam
1227 662 1332 715 nava·

324 759 418 838 bant.
434 763 509 839 nes
523 764 628 839 etiam
640 760 683 839 de
695 760 813 837 tabula
827 782 897 860 qna
910 760 1083 838 redarum
1101 748 1217 841 rerum
1236 763 1334 839 herm

322 883 481 989 religioso
521 886 833 989 componebantur,
864 910 924 961 eos
955 910 1043 985 quos
1074 889 1121 961 cd
1152 892 1330 964 meno*

324 1008 552 1086 Tertullianus
568 1008 689 1085 scribit
701 1006 835 1084 libellos
849 1009 1049 1109 conspicere
1063 1009 1143 1086 licet
1160 1039 1170 1084 ι
1193 1044 1206 1079 ι
1223 1013 1330 1107 Estis,

322 1133 449 1233 inquit,
476 1135 537 1234 qui
563 1136 668 1209 etiam
694 1134 731 1209 in
758 1131 961 1210 laterculum
978 1144 1110 1232 septem
1126 1125 1261 1211 dierum
1276 1161 1334 1210 so·
1473 1182 1476 1187 ,

280 1258 288 1273 ”
322 1257 390 1332 lem
404 1258 599 1358 recepistis,
616 1270 650 1332 et
661 1282 704 1332 ex
716 1256 840 1332 diebus
851 1258 964 1357 ipsum
978 1256 1183 1357 praelegistis
1194 1281 1266 1356 quo
1278 1257 1334 1333 dis

321 1379 496 1458 lavacrum
522 1379 754 1476 subtrahatis,
780 1383 900 1456 autin
925 1405 1107 1479 vesperam
1137 1379 1332 1470 differatis,

324 1505 506 1580 autetiam
524 1516 560 1582 st
572 1503 757 1604 prandium
771 1498 914 1580 curetis.
936 1536 949 1571 ι
969 1506 1098 1579 Praeter
1110 1501 1265 1579 tabulam
1284 1502 1336 1578 il-

326 1628 409 1724 lam,
432 1629 652 1728 quinquatria
668 1629 824 1703 rhetores
847 1624 1196 1719 colehaut-blinervae
1217 1647 1332 1715 sacra,

324 1751 953 1852 quaeludimagistrorumiestaiuisse
968 1748 1329 1828 Ovidiusmemorat’.
1443 1789 1445 1795 η

323 1877 365 1950 Ei
383 1877 541 1976 prolecto
562 1877 727 1953 Minervae
748 1876 897 1975 primam
920 1876 1001 1951 novi
1021 1872 1184 1972 discipuli
1205 1878 1331 1975 stipem

323 1998 539 2097 offerebant,
560 2023 602 2074 ac
622 1999 734 2075 Florae
754 2001 863 2075 sacris
885 1997 1013 2073 scholm
1033 1998 1288 2074 coronabantur
1300 1995 1331 2075 ³.

321 2127 399 2198 lam
422 2121 566 2198 deorum
592 2124 748 2214 nomina,
773 2122 1003 2222 genealogias,
1020 2121 1195 2217 historias,
1225 2147 1332 2201 orna·

320 2260 439 2322 menta
466 2245 603 2321 tandem
632 2245 821 2320 honorifica
848 2258 885 2319 et
916 2245 1085 2321 solemnia
1120 2244 1334 2343 explicarent

320 2367 550 2468 ludimagistri
578 2391 720 2443 necesse
751 2368 867 2445 eratl.
915 2369 983 2445 Illis
1023 2394 1104 2445 vero
1144 2370 1332 2468 asperrime

321 2493 550 2569 Tertullianus
566 2490 754 2593 exprobrat
765 2494 889 2568 veteris
901 2493 1015 2569 cultus
1028 2518 1197 2587 amorem,
1214 2505 1334 2592 utpote

320 2618 381 2716 qui
395 2618 503 2691 vitam
516 2618 567 2692 ita
587 2618 773 2692 tolerarent
785 2613 815 2689 ⁵.
837 2617 905 2694 Sed
921 2615 1013 2694 dulci
1029 2633 1214 2716 poetarum
1233 2642 1332 2693 com·

321 2740 451 2816 mercio
468 2738 645 2835 letantes,
669 2741 829 2839 antiquas
843 2741 1058 2818 Athenarum
1081 2755 1116 2816 et
1138 2747 1260 2818 Romae
1277 2740 1333 2813 fa·

320 2864 434 2957 bulas,
454 2864 625 2939 humanos
650 2866 792 2941 Homeri
807 2877 842 2940 et
852 2865 984 2964 Virgilii
997 2865 1081 2941 deos
1096 2890 1155 2940 eos
1168 2865 1334 2940 dilexisse

321 2987 450 3062 rectius
467 2989 695 3063 existimaret.
718 2992 871 3065 Deorum
890 2991 984 3064 enim
1001 2990 1199 3064 nominihus
1213 3011 1333 3064 conso·

322 3106 502 3185 ciebantur
519 3123 554 3185 et
576 3133 782 3212 magnorum
795 3114 949 3187 virorum
965 3113 1148 3211 imagines,
1164 3124 1198 3187 et
1210 3113 1331 3211 patriae

317 3233 442 3334 gloria,
469 3248 503 3309 et
528 3235 717 3311 litterarum
751 3236 886 3328 honor,
913 3248 948 3309 et
988 3236 1098 3310 cultus
1123 3245 1328 3335 parentum,

320 3359 487 3457 praeteriti
507 3358 654 3458 denique
671 3362 734 3435 aevi
755 3359 861 3435 decus
875 3384 991 3434 omne.

370 3483 539 3559 lihetores
551 3482 690 3584 quidem
704 3480 752 3558 illi
766 3483 893 3582 quibus
907 3487 1120 3560 annumerati
1139 3494 1220 3561 sunt
1232 3482 1333 3558 multi

319 3609 379 3703 qui
405 3604 587 3682 clarissimi
612 3622 734 3706 postea
757 3607 847 3707 apud
869 3607 1074 3685 christianos
1092 3617 1277 3685 evaserunt
1297 3617 1333 3680 et

356 3813 586 3877 1.Artrtottoees,
604 3813 624 3877 t,
644 3821 684 3866 ro.

354 3904 379 3945 r.
398 3893 431 3946 lll
442 3897 516 3946 Fert.

353 3985 378 4030 ³.
397 3975 518 4041 Tertull,
535 3977 657 4044 deiciet,
671 3980 701 4032 Χ.

352 4067 379 4114 t·
396 4059 520 4125 tertull„
531 4061 598 4116 idid.

353 4154 368 4195 a
395 4146 514 4210 Terenti,
529 4147 593 4201 tbtd.
612 4155 636 4200 o.
