3300 5272
422 571 491 643 152
676 568 682 578 '
730 593 882 643 urrunnun
900 593 940 641 nr
963 594 1120 643 nncrurnn

417 721 500 795 tetii
512 722 696 818 utumque
711 718 1068 795 etnmantianirnnnet
1081 720 1328 818 pentienimue,
1343 723 1434 797 itain

416 856 592 922 emunda
607 847 703 919 uaria
717 843 901 937 litterator,
921 847 998 943 ipre
1018 856 1053 919 et
1069 868 1268 920 sermonem
1290 844 1434 921 launum
1476 915 1479 931 ,

418 972 576 1070 cupiens,
615 969 660 1044 do
695 971 857 1069 Cypriani
887 969 1028 1046 dotibus
1068 970 1287 1070 opinabatur.
1318 977 1434 1070 Atque

418 1097 553 1170 homini
580 1096 627 1169 ad
655 1119 731 1169 rem
756 1097 914 1186 intento,
944 1097 1148 1194 putantique
1176 1097 1340 1196 Cypriani
1371 1118 1434 1195 pn·

410 1221 524 1294 uiam
540 1231 577 1295 et
595 1230 746 1309 romum,
760 1219 810 1299 illi
832 1218 990 1317 proiecto
1005 1222 1175 1293 Erasmus
1189 1243 1312 1317 aqum
1328 1220 1433 1319 huJue

417 1343 609 1415 estimatur
635 1365 677 1414 uc
699 1338 810 1438 judex
842 1342 951 1416 fuisse
979 1341 1167 1417 ridebitur.
1195 1345 1305 1419 Diuus
1339 1346 1433 1419 cuim

417 1482 563 1566 martyr,
585 1489 665 1540 oum
680 1465 844 1565 pastorali
857 1466 973 1541 studio
987 1466 1119 1558 ardeat,
1134 1491 1217 1542 cum
1235 1468 1434 1567 euangelica

416 1594 557 1691 pietate,
575 1614 657 1664 cum
672 1590 836 1685 dipritau
855 1603 892 1664 et
913 1590 1115 1666 fortitudine
1137 1603 1293 1689 praestet,
1313 1593 1432 1691 pietati

417 1727 505 1825 ejus,
519 1717 691 1815 dignitati,
709 1716 899 1790 fortitudini
916 1714 1105 1814 respondet
1118 1718 1251 1790 oratioi
1267 1714 1430 1816 Ideoque,

415 1866 525 1944 quum
537 1844 636 1918 illum
653 1843 753 1942 legin,
771 1843 886 1916 diois:
906 1845 1011 1936 vivit,
1025 1845 1133 1942 viget,
1150 1843 1373 1941 quantumin
1391 1866 1433 1916 eo

418 1964 545 2040 animi!
566 1969 680 2054 Quum
707 1988 786 2038 vcre
810 1972 982 2064 jacentem
1004 1967 1160 2041 animum
1174 1966 1315 2058 excitat,
1329 1978 1434 2066 utque

415 2090 550 2165 inducit
570 2092 606 2164 iu
629 2112 727 2188 rpem
746 2088 1060 2188 cogitationemque
1078 2088 1280 2164 meliorem!
1378 2120 1396 2160 2:

420 2252 424 2259 ·
467 2215 714 2305 Nihilominus,
735 2214 882 2288 uocibus
905 2216 1005 2289 noris
1022 2224 1058 2287 et
1081 2213 1254 2289 Africanir
1271 2236 1343 2287 nou
1359 2237 1435 2290 orn·

418 2342 501 2415 uiuo
528 2349 651 2433 racnt3
677 2350 795 2436 atquc,
823 2336 974 2436 exempli
1003 2341 1129 2436 gratia,
1153 2341 1435 2427 cerumtamen

419 2464 553 2538 ambitu
569 2465 718 2561 numqui,
729 2476 764 2538 ct
775 2468 1057 2558 impupuatioucm
1065 2486 1129 2562 pro
1142 2464 1213 2538 fuci
1224 2486 1291 2538 neu
1303 2463 1391 2538 dicit
1401 2470 1431 2538 ¹.

420 2588 1436 2689 ScopiusreroTulliumpnulumimitatus,rhetorumnqnn·
1452 2582 1458 2587 ’

419 2714 1015 2814 biiugenucetucrvosamlinguam
1029 2716 1435 2812 usurpatntverocum

415 2838 488 2932 ilie,
501 2850 538 2910 ot
552 2839 587 2910 iu
600 2836 724 2911 litteris
737 2851 773 2910 et
785 2838 822 2910 in
835 2837 933 2911 libris
948 2837 1091 2935 (quippo
1104 2860 1186 2912 oum
1200 2837 1248 2911 eb
1259 2860 1301 2911 eo
1312 2840 1436 2914 οπαῐίο-

416 2984 502 3035 nom
516 2961 645 3035 nullam
664 2963 915 3059 acceperimus,
932 2962 1084 3060 plurima
1096 2961 1178 3036 licet
1195 2965 1437 3061 pronuntiare·

422 3087 493 3184 rit),
501 3108 580 3184 quae
592 3083 636 3158 ad
649 3085 901 3158 humanitatom
913 3096 1072 3182 mactant
1083 3085 1206 3160 studiis
1218 3102 1373 3161 mentem
1383 3089 1437 3161 in·

422 3211 543 3303 tendit,
557 3221 634 3284 tum
654 3209 832 3282 animosus
846 3232 966 3282 verum
982 3209 1214 3307 eloquentiam
1227 3211 1434 3308 meoquitnr.

415 3336 558 3433 ¹Dignus
578 3356 660 3432 ergo
679 3343 755 3406 tuur
775 3354 892 3405 rerum
909 3333 1127 3423 auctoritate,
1144 3346 1220 3404 tum
1239 3335 1438 3430 praestantia

417 3460 680 3544 sententiarum,
693 3467 770 3530 tum
792 3454 938 3551 denique
953 3452 1128 3527 scribendi
1144 3453 1257 3539 laude,
1272 3455 1333 3552 qui
1347 3456 1439 3530 iutcr

421 3584 572 3683 optimos
585 3579 841 3656 ecclesiasticos
861 3574 1268 3671 doctores'adncribatur3
1282 3602 1365 3654 rere
1378 3602 1438 3652 ea-

423 3711 522 3809 piene
535 3709 578 3782 de
600 3730 715 3782 rerum
730 3709 858 3799 caucin,
873 3705 916 3779 de
930 3706 1111 3778 hominum
1127 3703 1277 3795 vicibus,
1297 3703 1341 3778 de
1356 3704 1437 3779 offi-

423 3834 487 3908 ciis
508 3832 651 3922 nostrin,
678 3830 722 3904 de
750 3830 915 3928 temporis
944 3829 1146 3921 acerbitate,
1173 3824 1220 3901 dc
1246 3850 1307 3927 epe
1329 3829 1437 3905 iutnri

424 3959 586 4056 loquitur.
606 3959 706 4054 Saepe
720 3954 813 4028 enim
831 3974 971 4028 merus
983 3978 1025 4027 ac
1039 3936 1147 4028 tristia
1164 3955 1317 4026 intuetur
1352 3992 1355 3999 ·

481 4102 485 4111 '
581 4114 733 4174 Luctantce
745 4121 841 4173 renue
852 4120 1084 4190 tempestatesque
1095 4124 1258 4185 sonem·

462 4272 484 4316 ι.
505 4263 650 4316 renarro
667 4265 764 4328 uraca.
880 4252 885 4263 “
