3300 5272
635 502 810 550 11111111.
1191 481 1231 550 13

226 631 358 694 exirent.
381 629 452 694 lllic
472 630 636 694 civitatum
651 629 820 708 tumultus,
842 627 989 693 fremitus
1010 628 1229 707 1111111111,

226 743 364 809 militum
393 743 565 827 clamores,
595 763 741 808 murmur
765 744 845 822 lori,
872 743 1041 828 populares
1065 746 1231 829 strepitus,

225 865 331 924 motus
354 864 579 940 mercatorum,
606 859 732 923 viarum
760 857 1086 942 frequentissimorum
1110 857 1230 942 fragor,

226 974 368 1057 inquieta
383 979 414 1037 et
433 974 528 1038 anxia
536 973 762 1058 imperantium
772 971 979 1050 consuetudo,
993 971 1112 1055 quibus
1128 981 1233 1040 tamen

226 1089 259 1152 in
269 1088 366 1153 rebus
378 1090 491 1153 remoti
505 1089 545 1153 ab
562 1088 712 1153 omnibns
732 1086 1002 1153 sollicitudinibus
1017 1093 1049 1151 et
1060 1090 1165 1171 curis,
1181 1108 1233 1154 so·

225 1202 292 1267 lent
303 1206 405 1269 nostri
420 1211 540 1268 secreto
554 1210 586 1269 et
599 1200 691 1268 suari
703 1221 830 1267 recessu
843 1202 952 1286 potiri,
967 1210 1079 1287 utpote
1096 1203 1154 1288 qui
1168 1222 1232 1268 non

225 1318 310 1403 apud
331 1319 410 1384 alios
432 1320 523 1403 loqui
546 1318 733 1401 didicerint,
751 1317 806 1384 sed
821 1320 884 1402 ipsi
898 1337 1017 1383 secum
1038 1319 1088 1383 Ab
1105 1319 1232 1399 afflicta,

225 1432 389 1515 labefacta,
412 1441 524 1499 ruente
549 1435 696 1499 societate
722 1432 763 1498 ad
785 1431 933 1517 juvenem
956 1440 1052 1516 atque
1081 1433 1232 1499 floridum

224 1547 346 1612 cultum
360 1566 441 1632 sape
453 1551 631 1634 saepiusque
642 1550 825 1614 transimus.
844 1546 897 1611 llli
910 1548 1051 1631 proiecto
1062 1548 1233 1631 ingenuam

224 1662 442 1728 Romanorum
479 1664 635 1747 lingnam,
672 1682 857 1748 quanquam
885 1681 1007 1747 aspere,
1032 1664 1230 1746 loquantum

225 1775 407 1841 Graecorum
423 1795 512 1861 vero,
530 1797 672 1861 qnorum
689 1779 844 1844 servitute
866 1777 1021 1844 diuturna
1044 1778 1185 1841 attritam
1202 1785 1234 1842 et

223 1889 371 1956 obtusam
386 1900 525 1958 mentem
540 1894 626 1958 11111
644 1899 840 1976 renovatque
858 1892 973 1957 ardens
990 1892 1037 1957 rei
1055 1893 1233 1958 christianae
1283 1951 1285 1955 .

223 2005 378 2089 studium,
395 2008 537 2073 vividum
552 2027 590 2072 11
602 2026 812 2073 numerosum
821 2026 877 2072 ore
887 2008 992 2072 adbuc
1008 2007 1147 2073 rotundo
1161 2028 1230 2073 ser·

224 2139 351 2185 monem
363 2121 482 2187 habent
499 2122 566 2204 isti,
584 2104 729 2208 quamvis
744 2121 875 2186 Periclis
889 2142 907 2186 1
921 2122 1036 2186 saeculo
1049 2122 1233 2206 longissime

223 2234 362 2319 distent3
389 2235 445 2301 sed
472 2237 623 2321 permulti
648 2235 811 2302 mentibus
835 2242 932 2320 atque
956 2220 1141 2302 nemoribus
1167 2237 1232 2302 suis

223 2350 334 2436 elapsi,
346 2352 501 2417 barbaras
516 2372 603 2435 sane,
621 2360 654 2417 11
668 2352 789 2418 lucidos
804 2371 928 2437 semper
944 2359 975 2417 et
989 2353 1113 2418 nativas
1128 2372 1165 2417 11
1177 2372 1233 2418 sae·

223 2465 297 2550 pius
314 2467 452 2551 poeticas
469 2486 560 2532 voces
575 2474 744 2554 usurpant.

266 2582 346 2646 Cum
373 2582 610 2666 flagrantissimi
635 2581 711 2648 solis
742 2581 872 2665 ignibus
901 2581 1068 2665 splendent
1093 2583 1233 2649 historiae

141 2680 145 2687 ’
222 2714 304 2780 quas
325 2696 494 2765 Thebaidis
507 2697 671 2762 coenobitae
691 2695 733 2763 ad
753 2696 851 2761 fontis
868 2705 965 2782 caput
986 2705 1147 2779 enarrant,
1167 2718 1234 2786 sep

223 2811 390 2876 tentrionis
406 2812 554 2877 moestitia
566 2818 599 2876 et
616 2811 759 2877 nubibus
779 2797 898 2876 obduci
909 2812 1014 2877 solent
1032 2814 1233 2880 Britannico-

222 2944 295 2990 rnm
322 2929 589 2992 monasteriorum
615 2929 764 3010 1191111,
793 2935 829 2992 11
859 2928 1048 2994 Columbani
1073 2929 1232 2996 Hiberno-

222 3060 360 3126 rumque
373 3043 457 3124 vita,
473 3061 582 3108 severa
595 3051 627 3108 et
640 3044 733 3127 quasi
750 3042 851 3108 ferrea
868 3044 977 3127 regula
992 3043 1146 3109 deducta.

265 3156 387 3239 Cuique
396 3176 490 3222 suum
502 3158 602 3241 igitur
610 3159 775 3241 ingenium
789 3164 952 3243 permanet
962 3158 1133 3238 integrum.
1147 3162 1231 3222 Dum

222 3270 324 3354 spirat
332 3270 524 3336 Athanasius
542 3272 643 3336 leonis
654 3272 810 3355 rigorem,
825 3270 904 3336 dum
912 3271 1024 3334 Irenoei
1037 3277 1069 3334 et
1080 3272 1232 3357 Cypriani

223 3401 325 3448 sermo
339 3384 476 3449 ostendit
490 3392 601 3469 pectus
612 3386 767 3469 martyrio
778 3393 926 3469 paratum
937 3382 1070 3470 (babent
1082 3385 1178 3465 enim,
1194 3392 1231 3449 ut

218 3498 292 3582 jure
306 3498 352 3562 ait
366 3499 516 3563 Erasmus
530 3496 557 3580 ⁴,
577 3506 733 3583 martyres
754 3518 843 3564 suam
864 3497 1035 3582 quamdam
1059 3497 1230 3564 dictionem
1257 3533 1261 3542 ·

215 3590 347 3697 seriam,
365 3613 479 3680 fortem
496 3632 534 3678 11
546 3611 745 3699 masculam),
762 3614 942 3679 incredibili
958 3614 1098 3697 quadam
1109 3622 1141 3678 et
1151 3614 1229 3678 mel·

221 3725 279 3791 lita
291 3727 446 3792 11111111
457 3728 616 3793 Francisei
630 3727 739 3793 Solesii
753 3727 837 3793 labia
849 3727 981 3793 stillant.
995 3727 1089 3808 Quod
1104 3729 1130 3792 si
1147 3728 1229 3794 Tbe-

119 3890 121 3894 Α
221 3842 378 3908 resiarum
386 3843 596 3928 estpabulum
604 3862 712 3908 rerum
721 3842 904 3909 divinarum
915 3844 1125 3909 consideratio
1135 3849 1230 3927 atque

222 3959 460 4043 contemplatio,
474 3959 639 4026 Vincentia
652 3954 783 4024 a'Panlo
793 3957 868 4024 filiae
881 3959 914 4022 in
929 3957 1107 4040 laboribus,
1124 3958 1158 4021 in
1172 3975 1229 4022 11-

256 4159 278 4202 1.
297 4154 376 4215 Pras.
388 4152 425 4205 ad
437 4155 575 4216 Irenaeum,
593 4150 635 4205 etl.
652 4155 724 4204 1534.
