3300 5272
321 467 368 541 66
617 490 657 539 ne
683 491 881 542 ennrsrrsnn
905 490 1027 541 serron

320 618 397 692 init.
421 618 605 693 Lambasee
628 618 754 695 multas
784 621 904 695 ruinas
942 632 1046 718 atque
1082 620 1321 716 inscriptiones

319 742 491 816 mirantur
508 742 625 831 Shno,
643 753 669 814 t.
688 746 715 833 1,
727 766 762 840 p.
781 744 862 834 146,
878 754 913 816 et
931 742 1081 841 Dupuch
1099 742 1160 839 qui
1178 741 1323 839 inscrip-

318 868 447 941 tionem
462 866 619 965 praebuit.

367 993 406 1063 ln
432 990 604 1088 prioribus
631 994 748 1065 honis
772 996 891 1066 Renier
917 992 1108 1084 fasciculis,
1137 990 1324 1065 lambacen

227 1208 232 1219 ⁵
318 1126 477 1213 repertae,
511 1114 631 1189 multae
660 1116 877 1189 continentur
905 1140 1057 1189 romanae
1085 1118 1324 1213 inscriptiones

317 1238 409 1337 apud
435 1262 522 1337 quas
555 1238 689 1313 colonia
706 1251 742 1313 et
756 1241 877 1314 civitas
896 1253 1051 1315 vocatur.
1074 1238 1323 1339 Aquaductum

316 1364 404 1461 legio
423 1364 524 1436 tertia
544 1362 690 1461 Augusti
714 1386 793 1460 qnae
817 1387 910 1462 saepe
937 1364 1136 1437 nominatur
1155 1376 1322 1441 erexerat.

315 1488 423 1559 lnscr.
450 1488 582 1561 1·1409
602 1498 638 1560 et
655 1490 873 1561 4071-4485.
1025 1514 1028 1519 ·

678 1678 697 1725 Δ
717 1676 949 1726 HACOMDIBUS.

365 1816 584 1889 Macomodcm
603 1814 657 1888 vel
680 1816 862 1889 Mucodiom
881 1838 991 1913 prope
1012 1818 1141 1891 Cirtam
1162 1814 1327 1916 oppidum

316 1938 435 2015 laudat
463 1943 546 2013 Ant.
572 1940 609 2011 in
638 1942 681 2011 lt.
707 1917 837 2013 Urbem
862 1951 990 2036 praeter
1009 1939 1104 2015 illam
1123 1952 1221 2015 eraut
1240 1942 1326 2015 etin

317 2066 495 2161 Byzacena
512 2063 716 2136 Macomades
728 2065 915 2137 Raeticioni
932 2066 992 2162 qui
1009 2066 1223 2159 emineres,
1245 2066 1328 2140 etin

318 2186 530 2285 Tripolitana
554 2187 757 2261 Macomades
787 2190 928 2279 najara
957 2189 1031 2261 sive
1061 2190 1187 2288 Syrtis.
1221 2194 1329 2265 noco

316 2312 496 2393 amicae
520 2310 692 2387 Numidiae
710 2311 868 2409 patribus
893 2312 1100 2387 adscribitur·
1127 2315 1164 2387 iu
1189 2318 1265 2389 Not.
1278 2354 1329 2371 ·-

322 2438 436 2529 Peut.,
453 2434 558 2527 Plin.‚
577 2434 681 2528 rot,
698 2447 767 2509 etc.

369 2556 628 2633 Macomndibus
642 2557 845 2650 minorihus,
866 2558 967 2632 hodie
988 2561 1117 2631 Matres
1135 2558 1329 2658 byzantina

324 2684 408 2759 artis
418 2682 545 2757 indicia
559 2684 737 2780 conspexit
749 2682 891 2757 Guarin.

686 2876 705 2924 Δ
728 2874 955 2926 manascunt.

291 3078 300 3101 t
372 3032 424 3102 De
443 3030 691 3103 Cion-Marcelli
715 3032 926 3105 Fructuosus
950 3028 1040 3101 inter
1059 3027 1232 3105 Numidiae
1248 3053 1329 3128 pro-

328 3155 450 3229 vinciae
468 3155 647 3251 episcopos
665 3155 701 3226 in
725 3156 857 3225 Netteia
878 3150 1036 3227 hahetur.
1061 3154 1244 3247 Praetereo,
1262 3154 1329 3227 Lu·

329 3277 426 3352 cidus
435 3280 603 3373 episcopua
611 3276 718 3372 pleba's
730 3275 1011 3347 Marcellioneocis
1025 3275 1197 3349 collationi
1212 3276 1327 3350 Carth.

330 3427 362 3475 c.
395 3401 463 3475 133
486 3399 607 3475 adiuit.
632 3402 745 3475 Locus
762 3423 844 3474 vero
872 3398 1076 3499 geographis
1103 3402 1211 3475 sacris
1231 3402 1330 3501 igno-

327 3534 386 3601 tus
399 3538 465 3601 est.

733 3675 753 3725 s
776 3675 927 3727 mecum.

378 3839 590 3913 Moscolitoni
603 3838 747 3932 plorimi
764 3790 844 3910 sunt
859 3836 1029 3910 notissimi
1046 3838 1222 3936 episcopi;
1243 3839 1332 3910 iice-
1414 3896 1420 3903 .

331 3966 505 4039 celavero
523 3960 829 4036 interTherestem
856 3970 892 4035 et
906 3958 1110 4037 Lambesem
1130 3972 1216 4066 erat.
1246 3962 1335 4037 Mar-

332 4111 407 4181 cus,
422 4112 458 4186 p.
481 4087 564 4161 689.
