3300 5272
521 552 525 559 ,
543 503 671 552 rruraus
696 504 741 553 ur
760 503 909 554 nonanus.
1138 526 1164 561 ,ι
1182 483 1230 555 25

225 629 293 709 dati
319 643 353 709 et
375 631 553 705 sarraceni
570 630 751 723 habuere,
766 628 906 706 eosdem
933 632 1067 728 aceepit
1093 631 1228 726 Gallia,-

224 750 365 829 eosdem
376 752 504 837 habet„
514 752 622 829 Victis
633 765 668 828 st
679 753 870 833 viatoribus
886 778 1064 855 nunquam
1074 759 1229 835 inunum

221 901 349 978 eorpus
366 876 533 971 aurftais,
551 877 623 953 suis
636 878 784 978 quisquo
800 878 932 977 potina
946 879 1125 957 moribus·
1173 967 1175 972 y
1223 923 1226 941 1

271 1005 394 1077 Romae
409 1002 509 1100 quasi
523 1001 650 1078 faeiem
671 1003 707 1075 iu
724 1002 843 1076 Africa
857 1002 1028 1103 Carthago
1041 994 1231 1104 repraesen-

223 1124 341 1219 tabat,
358 1137 481 1226 utpote
498 1139 758 1226 quaaenatum
769 1126 917 1205 haberet
941 1137 978 1203 et
996 1129 1121 1226 copies·
1140 1129 1231 1203 mili·

223 1262 327 1341 tares,
341 1249 432 1326 ludis
442 1250 674 1327 celeberrimis
691 1251 923 1346 decoraretur,
935 1253 1232 1350 maguifioaaaou·

223 1377 346 1451 tineret
361 1373 474 1464 mdes,
485 1375 625 1457 multos
636 1372 776 1463 tandem
794 1386 829 1451 et
851 1376 1007 1452 rhetores
1024 1388 1059 1451 et
1075 1375 1229 1476 philoso-

222 1499 577 1600 phosetjurisperitos
590 1499 797 1599 possiderat.
812 1501 950 1577 Etenim
963 1478 987 1567 ἀ
1007 1500 1089 1594 illia,
1116 1502 1232 1600 inquit

222 1625 406 1702 Salvianus
426 1637 463 1714 ¹,
490 1626 608 1701 omnia
635 1625 832 1716 officiorum
857 1625 1075 1725 publianum
1107 1606 1231 1701 instru-

224 1760 355 1843 menta,
375 1748 448 1825 illie
468 1750 597 1825 artium
615 1747 813 1826 liberalium
831 1749 972 1844 scholae,
993 1738 1063 1825 illie
1080 1749 1232 1849 philoso-

223 1871 572 1970 pommeraniae,
606 1883 732 1946 cuneta
764 1869 910 1970 denique
943 1872 998 1949 vel
1036 1872 1231 1971 linguarum

221 1999 406 2098 gymnasia
421 1996 476 2070 uel
493 2020 652 2091 morum3
672 1996 743 2071 illio
760 2020 895 2097 quoque
913 2000 1020 2075 etiam
1036 2000 1145 2097 oopiae
1164 1999 1231 2086 mi-

222 2121 341 2196 litores
353 2130 388 2195 st
400 2131 558 2220 regentes
568 2119 729 2195 militiam
743 2130 912 2220 potantes,
932 2121 1007 2197 illia
1024 2125 1136 2199 honor
1147 2145 1230 2222 pro·

222 2243 430 2339 oonsularis3
441 2244 512 2329 illia
518 2244 739 2342 quotidianus
743 2243 854 2345 judex
862 2270 906 2321 ao
916 2259 1045 2338 rector,
1061 2259 1230 2346 quantum

223 2369 268 2443 sd
281 2392 408 2444 nomen
426 2367 568 2468 quidem
590 2369 793 2468 proconsul,
817 2355 878 2444 sed
896 2382 1067 2471 quantum
1095 2369 1141 2445 ad
1165 2393 1230 2468 po·

223 2494 369 2571 tenuem
387 2492 528 2584 oonsul;
548 2490 620 2568 iiiia
635 2515 774 2592 quoque
788 2516 912 2569 ornnes
923 2517 1040 2571 rerum
1057 2493 1232 2592 dispeusa-

223 2628 331 2713 tures,
347 2629 385 2692 et
400 2615 603 2693 differentes
621 2618 767 2694 interae
781 2628 854 2693 tam
870 2617 981 2716 gradu
997 2639 1106 2717 quam
1124 2641 1229 2694 roua·
1341 2649 1343 2653 ·

222 2741 307 2819 bulo
318 2741 518 2841 dignitates,
536 2743 707 2835 omnium,
726 2743 828 2818 utitu
840 2741 969 2838 diuum,
988 2743 1182 2841 platearum
1196 2755 1230 2816 et

224 2868 454 2967 compitorum
466 2878 719 2965 procuratores,
735 2878 861 2942 mmats
876 2865 984 2943 ferme
997 2879 1034 2945 et
1046 2866 1230 2943 loon-urhis

222 3004 258 3067 et
271 2990 430 3069 membra
447 2989 565 3089 pupuli
577 2989 822 3090 gerberrantss.
841 3022 857 3057 ι
875 2990 977 3081 ΔΠηᾰο
991 2991 1231 3091 ulterumpost

178 3202 180 3207 ⁴
222 3119 372 3191 Romam
402 3115 498 3190 orbis
529 3127 699 3208 terrarum
727 3114 832 3191 deous
864 3117 1233 3215 Carthaginemppoat

224 3239 363 3317 Solinus
381 3250 417 3332 ²3
439 3237 641 3336 almumque
670 3238 795 3331 urbem
829 3237 971 3336 plurimi
992 3262 1071 3314 eam
1085 3237 1236 3325 dirimo.-

95 3428 100 3437 .
223 3365 384 3439 Attamen
394 3358 553 3435 uonhaee
569 3371 704 3442 tautum
722 3359 849 3435 Atriam
863 3357 949 3435 urbs
966 3358 1231 3457 paucorumne

223 3481 575 3583 aliaquoqueoppids
584 3483 743 3575 theatris,
757 3483 916 3576 thermis,
929 3484 1100 3581 oapituliis
1114 3483 1232 3581 reple-

224 3609 364 3684 bantur.
375 3610 491 3706 Atque
504 3607 676 3684 anteana
689 3610 934 3707 Inscriptiouas
950 3621 1028 3685 tum
1040 3609 1232 3719 antiquitus

223 3745 298 3808 tum
313 3754 434 3826 reeens
452 3729 555 3806 adita
572 3730 713 3807 eosdem
730 3755 818 3831 quus
836 3735 875 3809 in
896 3733 993 3809 ltalia
1010 3743 1046 3821 et
1057 3735 1096 3811 in
1113 3733 1232 3821 Africa

223 3882 337 3943 mores
354 3869 458 3955 atque
475 3881 560 3932 usus
574 3858 745 3933 exstitisse
765 3859 1146 3968 significantuimirpm
1159 3882 1232 3932 ma·

259 4068 280 4114 Ι.
299 4061 382 4129 Solu,
401 4065 432 4117 riu
443 4068 532 4129 Pron,
546 4061 565 4117 1.
581 4064 635 4117 tn.

258 4155 281 4198 2.
303 4150 420 4217 Poiyluat
432 4186 439 4203 .
453 4164 475 4201 o.
488 4164 551 4201 xxx.
