3300 5272
433 394 495 465 112
737 418 879 470 omarum
908 419 1133 479 uccussruous
1223 468 1225 473 .

427 544 677 619 Felicissimum
695 567 777 618 cum
795 544 918 620 litteris
937 547 1010 620 suis
1024 548 1142 637 mittit,
1163 547 1221 642 qui
1241 548 1433 621 Cornelium

427 667 528 742 adeat
547 675 687 766 ejusque
710 670 860 766 gratiam
888 682 1089 769 aucupetur.
1113 671 1291 764 Primum,
1313 685 1354 746 ut
1373 695 1436 769 par

428 805 513 880 erat,
535 802 708 865 oratorem
725 795 864 889 rejecit3
880 804 975 891 post,
996 817 1078 867 cum
1094 793 1233 892 plurimi
1256 797 1291 868 in
1305 794 1432 869 absen-

427 930 498 990 tem
515 916 750 989 criminatione
771 927 967 1009 uterentur,
995 930 1229 992 commovetur
1249 918 1435 993 mendaciis

429 1065 470 1114 ac
496 1041 597 1112 minis
620 1051 724 1137 atque
747 1040 855 1136 ipsius
884 1042 986 1114 otiam
1007 1044 1166 1140 Cypriani
1184 1043 1316 1116 silentio
1336 1049 1435 1142 cujus

428 1166 548 1238 litterae
573 1162 727 1237 nondum
750 1165 900 1237 recitata
929 1163 1083 1256 lueraut3
1111 1165 1259 1264 denique
1284 1168 1435 1240 incertus
1493 1191 1497 1197 ·

429 1300 502 1361 erat
518 1286 601 1384 quid
616 1287 749 1361 consilii
774 1302 925 1386 caperet.
949 1291 1064 1385 ltaque
1090 1291 1187 1362 novis
1211 1314 1289 1363 cum
1312 1290 1435 1369 utteris

429 1412 607 1502 clericum,
621 1413 747 1510 quippe
759 1423 893 1485 tantum
912 1437 933 1483 a
947 1413 1030 1484 viris
1047 1413 1385 1487 ecelesiasticisinter
1397 1437 1434 1486 se

429 1537 676 1610 commercium
695 1534 823 1609 habere
843 1535 1003 1609 solebant
1020 1537 1186 1634 episcopi,
1205 1541 1352 1611 Romam
1366 1537 1432 1610 les·

429 1662 581 1733 tinanter
594 1656 783 1732 admodum
803 1660 992 1757 Cyprianus
1008 1661 1156 1733 mittere.
1174 1661 1360 1734 Sanctitate
1372 1662 1435 1733 sua

430 1783 552 1874 fretus,
573 1783 790 1856 inimicorum
818 1783 985 1880 pravitate
1003 1783 1188 1880 patefacta,
1217 1782 1434 1883 confisusque

431 1929 556 1995 causan
589 1904 779 1979 seeundum
810 1913 868 2003 jus
890 1906 1012 2004 fasque
1038 1929 1074 1979 se
1107 1907 1307 2003 episcopum
1334 1930 1432 1980 com·

429 2029 566 2126 prohat.
590 2061 604 2094 ι
627 2029 715 2103 Dion
733 2041 958 2127 provocatus,
979 2029 1056 2102 dico
1080 2028 1213 2125 dolens,
1234 2028 1312 2103 dico
1338 2055 1431 2103 com·

428 2154 569 2253 pulsus,
591 2151 729 2250 quando
749 2154 984 2250 episcopusin
1003 2151 1118 2226 locum
1134 2152 1285 2227 defuncti
1303 2152 1431 2227 substi-

428 2279 546 2370 tuitur,
580 2274 720 2374 quando
753 2276 873 2374 populi
902 2278 1052 2350 universi
1084 2276 1251 2376 suffragio
1281 2277 1318 2350 in
1348 2300 1433 2375 pace

365 2454 368 2461 -
428 2401 600 2500 deligitur,
627 2400 765 2498 quando
787 2403 851 2474 Dei
870 2400 995 2474 auxilio
1012 2402 1047 2473 in
1070 2403 1304 2499 persecutione
1319 2414 1434 2499 prote·

428 2527 530 2622 gitur,
546 2525 686 2624 collegis
696 2524 859 2598 omnihus
874 2504 1019 2599 fideliter
1031 2533 1184 2623 junctus,
1200 2522 1292 2621 plebi
1310 2547 1383 2603 suae
1399 2525 1433 2597 in

430 2651 628 2746 episcopatu
645 2648 867 2746 quadriennio
881 2655 954 2747 jam
975 2647 1152 2746 probatus,
1175 2650 1211 2720 iu
1225 2648 1338 2745 quieto
1364 2671 1434 2720 ser-

428 2772 523 2843 rieus
538 2769 737 2868 disciplina,
753 2773 1008 2869 intempestate
1025 2772 1250 2867 proscriptus,
1272 2769 1433 2867 applicito

430 2906 464 2968 et
485 2893 645 2992 adjuncto
670 2896 886 2992 episcopatus
911 2895 1148 2984 minamine,
1178 2895 1280 2966 toties
1305 2892 1349 2966 ad
1367 2893 1433 2966 leo

429 3042 508 3092 nem
527 3019 654 3115 petitus
675 3019 711 3090 in
730 3017 837 3110 circo,
862 3019 897 3090 in
916 3016 1169 3114 amphitheatro
1186 3015 1366 3089 dominica
1381 3014 1433 3089 di·

428 3143 599 3241 guntionis
614 3142 816 3215 testimonio
839 3141 1045 3233 honoratus3
1068 3140 1122 3212 his
1140 3141 1225 3237 ipsis
1243 3142 1346 3213 etiam
1367 3139 1433 3211 die

428 3266 494 3341 bus
513 3263 638 3363 quihus
655 3264 719 3345 has
735 3264 781 3338 ad
798 3276 832 3338 te
848 3264 980 3337 litteras
999 3264 1080 3356 leci,
1105 3264 1150 3337 oh
1168 3264 1337 3338 sacrificia
1354 3287 1430 3361 quae

429 3390 540 3465 edicto
553 3391 728 3488 proposito
739 3389 909 3463 celebrare
918 3387 1064 3489 populus
1070 3387 1269 3487 Jubehatur‚
1281 3388 1431 3462 clamore

428 3515 643 3613 popularium
673 3512 717 3587 ad
751 3514 883 3587 leonem
909 3513 1022 3587 denuo
1046 3513 1238 3612 postulatus
1257 3515 1292 3585 in
1315 3515 1428 3605 circo;

429 3663 508 3713 cum
521 3638 612 3727 talis,
632 3638 738 3710 frater
751 3638 964 3728 charissime,
983 3637 1220 3734 aquibusdam
1241 3635 1429 3734 desperatis

429 3776 463 3834 et
480 3761 620 3859 perditis
640 3773 674 3832 et
695 3773 793 3833 extra
810 3759 1000 3834 Ecclesiam
1025 3761 1218 3833 constitutis
1237 3762 1428 3856 impugnari

428 3884 573 3975 ridetur,
596 3897 737 3981 apparet
755 3884 833 3980 quis
857 3884 1068 3983 impugner.
1090 3916 1104 3949 a
1123 3884 1234 3956 Minas
1255 3906 1336 3956 vero
1355 3884 1429 3979 qui·

463 4068 485 4113 ί.
505 4064 589 4127 Epist.
605 4059 693 4121 xllx,
705 4060 744 4112 nd
754 4060 911 4112 comedatur.
