<?xml version="1.0" encoding="UTF-8"?>
<!DOCTYPE html PUBLIC "-//W3C//DTD XHTML 1.0 Transitional//EN"
    "http://www.w3.org/TR/xhtml1/DTD/xhtml1-transitional.dtd">
<html xmlns="http://www.w3.org/1999/xhtml" xml:lang="en" lang="en">
 <head>
  <title>
</title>
<meta http-equiv="Content-Type" content="text/html;charset=utf-8" />
  <meta name='ocr-system' content='tesseract 3.04.00' />
  <meta name='ocr-capabilities' content='ocr_page ocr_carea ocr_par ocr_line ocrx_word'/>
</head>
<body>
  <div class='ocr_page' id='page_1' title='image "./desanctocyprian00blamgoog_0509.png"; bbox 0 0 3300 5272; ppageno 0'>
   <div class='ocr_carea' id='block_1_1' title="bbox 325 378 912 487">
    <p class='ocr_par' dir='ltr' id='par_1_1' title="bbox 325 378 912 487">
     <span class='ocr_line' id='line_1_1' title="bbox 325 378 912 487; baseline 0 -9"><span class='ocrx_word' id='word_1_1' title='bbox 325 417 389 487; x_wconf 84' lang='lat'>188</span> <span class='ocrx_word' id='word_1_2' title='bbox 571 378 573 382; x_wconf 23' lang='grc' dir='ltr'>Ι</span> <span class='ocrx_word' id='word_1_3' title='bbox 734 432 912 480; x_wconf 65' lang='lat' dir='ltr'>arnmot</span> 
     </span>
    </p>
   </div>
   <div class='ocr_carea' id='block_1_2' title="bbox 317 553 1396 1400">
    <p class='ocr_par' dir='ltr' id='par_1_2' title="bbox 317 553 1396 1400">
     <span class='ocr_line' id='line_1_2' title="bbox 321 553 1338 655; baseline 0.001 -26"><span class='ocrx_word' id='word_1_4' title='bbox 321 588 381 630; x_wconf 89' lang='grc' dir='ltr'>σεν.</span> <span class='ocrx_word' id='word_1_5' title='bbox 394 563 505 638; x_wconf 81' lang='grc' dir='ltr'><strong>Οὕτως</strong></span> <span class='ocrx_word' id='word_1_6' title='bbox 519 555 570 626; x_wconf 81' lang='grc' dir='ltr'>οὖν</span> <span class='ocrx_word' id='word_1_7' title='bbox 585 562 615 624; x_wconf 91' lang='grc' dir='ltr'>ἐν</span> <span class='ocrx_word' id='word_1_8' title='bbox 634 553 862 653; x_wconf 73' lang='grc' dir='ltr'>ἐξομολογήσει,</span> <span class='ocrx_word' id='word_1_9' title='bbox 874 568 1056 655; x_wconf 77' lang='grc' dir='ltr'><strong>στεναγμοῖς</strong></span> <span class='ocrx_word' id='word_1_10' title='bbox 1073 587 1106 629; x_wconf 90' lang='grc' dir='ltr'>τε</span> <span class='ocrx_word' id='word_1_11' title='bbox 1125 563 1177 630; x_wconf 88' lang='grc' dir='ltr'>καὶ</span> <span class='ocrx_word' id='word_1_12' title='bbox 1192 555 1338 655; x_wconf 80' lang='grc' dir='ltr'>δάκρυσιν</span> 
     </span>
     <span class='ocr_line' id='line_1_3' title="bbox 320 672 1334 779; baseline 0.002 -26"><span class='ocrx_word' id='word_1_13' title='bbox 320 689 394 758; x_wconf 87' lang='grc' dir='ltr'>ὁλην</span> <span class='ocrx_word' id='word_1_14' title='bbox 411 689 467 760; x_wconf 75' lang='grc' dir='ltr'>τὴν</span> <span class='ocrx_word' id='word_1_15' title='bbox 482 684 580 750; x_wconf 98' lang='grc' dir='ltr'>νύκτα</span> <span class='ocrx_word' id='word_1_16' title='bbox 598 673 754 770; x_wconf 75' lang='grc' dir='ltr'>διηνεκῶς,</span> <span class='ocrx_word' id='word_1_17' title='bbox 773 684 842 771; x_wconf 87' lang='grc' dir='ltr'>περὶ</span> <span class='ocrx_word' id='word_1_18' title='bbox 859 686 911 750; x_wconf 84' lang='grc' dir='ltr'>τὸν</span> <span class='ocrx_word' id='word_1_19' title='bbox 930 683 1034 777; x_wconf 83' lang='grc' dir='ltr'>ὄρθρον</span> <span class='ocrx_word' id='word_1_20' title='bbox 1053 681 1084 763; x_wconf 82' lang='grc' dir='ltr'>ὃς</span> <span class='ocrx_word' id='word_1_21' title='bbox 1099 672 1111 714; x_wconf 86' lang='lat'>¹</span> <span class='ocrx_word' id='word_1_22' title='bbox 1129 688 1186 760; x_wconf 79' lang='grc' dir='ltr'>τὴν</span> <span class='ocrx_word' id='word_1_23' title='bbox 1211 697 1266 754; x_wconf 82' lang='grc' dir='ltr'>τοῦ</span> <span class='ocrx_word' id='word_1_24' title='bbox 1281 713 1334 779; x_wconf 77' lang='grc' dir='ltr'>με·</span> 
     </span>
     <span class='ocr_line' id='line_1_4' title="bbox 317 797 1336 902; baseline 0 -27"><span class='ocrx_word' id='word_1_25' title='bbox 317 806 414 902; x_wconf 66' lang='grc' dir='ltr'>γαῦλον</span> <span class='ocrx_word' id='word_1_26' title='bbox 433 799 594 874; x_wconf 77' lang='grc' dir='ltr'>σαόύοίτοο</span> <span class='ocrx_word' id='word_1_27' title='bbox 613 800 691 898; x_wconf 75' lang='grc' dir='ltr'>εἶχεν</span> <span class='ocrx_word' id='word_1_28' title='bbox 709 810 837 901; x_wconf 77' lang='grc' dir='ltr'>ἡμέραν,</span> <span class='ocrx_word' id='word_1_29' title='bbox 851 806 892 886; x_wconf 83' lang='grc' dir='ltr'>εἰς</span> <span class='ocrx_word' id='word_1_30' title='bbox 911 808 947 875; x_wconf 84' lang='grc' dir='ltr'>τὸ</span> <span class='ocrx_word' id='word_1_31' title='bbox 963 797 1138 900; x_wconf 75' lang='grc' dir='ltr'>Ιίοριακδν2</span> <span class='ocrx_word' id='word_1_32' title='bbox 1154 809 1336 901; x_wconf 78' lang='grc' dir='ltr'>ἀφικνεῖται,</span> 
     </span>
     <span class='ocr_line' id='line_1_5' title="bbox 319 920 1396 1026; baseline 0.001 -25"><span class='ocrx_word' id='word_1_33' title='bbox 319 932 452 1011; x_wconf 86' lang='grc' dir='ltr'>πολλοὺς</span> <span class='ocrx_word' id='word_1_34' title='bbox 475 933 552 1023; x_wconf 75' lang='grc' dir='ltr'>ἔχων</span> <span class='ocrx_word' id='word_1_35' title='bbox 584 932 657 1009; x_wconf 86' lang='grc' dir='ltr'>τοὺς</span> <span class='ocrx_word' id='word_1_36' title='bbox 686 920 1051 1024; x_wconf 51' lang='grc' dir='ltr'>ἀντιριλοτιμουριένοοςέ</span> <span class='ocrx_word' id='word_1_37' title='bbox 1084 933 1252 1020; x_wconf 85' lang='grc' dir='ltr'>ἀλληλοις,</span> <span class='ocrx_word' id='word_1_38' title='bbox 1285 935 1337 1001; x_wconf 90' lang='grc' dir='ltr'>καὶ</span> <span class='ocrx_word' id='word_1_39' title='bbox 1389 1013 1396 1026; x_wconf 29' lang='grc' dir='ltr'>ρ</span> 
     </span>
     <span class='ocr_line' id='line_1_6' title="bbox 319 1048 1337 1150; baseline 0.002 -26"><span class='ocrx_word' id='word_1_40' title='bbox 319 1056 492 1150; x_wconf 79' lang='grc' dir='ltr'>προρθοίσαι</span> <span class='ocrx_word' id='word_1_41' title='bbox 521 1065 626 1122; x_wconf 86' lang='grc' dir='ltr'>τοῦτον</span> <span class='ocrx_word' id='word_1_42' title='bbox 658 1058 750 1122; x_wconf 85' lang='grc' dir='ltr'>ἐκεῖσε</span> <span class='ocrx_word' id='word_1_43' title='bbox 772 1056 825 1123; x_wconf 86' lang='grc' dir='ltr'>καὶ</span> <span class='ocrx_word' id='word_1_44' title='bbox 848 1048 920 1123; x_wconf 80' lang='grc' dir='ltr'>ἰδεῖν</span> <span class='ocrx_word' id='word_1_45' title='bbox 935 1049 1144 1136; x_wconf 88' lang='grc' dir='ltr'>σπεύδοντας·</span> <span class='ocrx_word' id='word_1_46' title='bbox 1160 1058 1257 1126; x_wconf 83' lang='grc' dir='ltr'>εἰσιὼν</span> <span class='ocrx_word' id='word_1_47' title='bbox 1273 1058 1337 1126; x_wconf 86' lang='grc' dir='ltr'>τοί-</span> 
     </span>
     <span class='ocr_line' id='line_1_7' title="bbox 318 1169 1338 1272; baseline 0.001 -25"><span class='ocrx_word' id='word_1_48' title='bbox 318 1208 369 1247; x_wconf 90' lang='grc' dir='ltr'>νυν</span> <span class='ocrx_word' id='word_1_49' title='bbox 395 1170 495 1256; x_wconf 75' lang='grc' dir='ltr'>δεξιὸν</span> <span class='ocrx_word' id='word_1_50' title='bbox 511 1183 641 1246; x_wconf 83' lang='grc' dir='ltr'>ἐποιεῖτο</span> <span class='ocrx_word' id='word_1_51' title='bbox 659 1169 839 1272; x_wconf 67' lang='grc' dir='ltr'>ούρεύολον“</span> <span class='ocrx_word' id='word_1_52' title='bbox 858 1191 914 1258; x_wconf 74' lang='grc' dir='ltr'>τῆς</span> <span class='ocrx_word' id='word_1_53' title='bbox 933 1180 972 1261; x_wconf 87' lang='grc' dir='ltr'>εἰς</span> <span class='ocrx_word' id='word_1_54' title='bbox 993 1183 1045 1248; x_wconf 81' lang='grc' dir='ltr'>τὸν</span> <span class='ocrx_word' id='word_1_55' title='bbox 1069 1182 1141 1248; x_wconf 86' lang='grc' dir='ltr'>ναὸν</span> <span class='ocrx_word' id='word_1_56' title='bbox 1160 1175 1296 1264; x_wconf 84' lang='grc' dir='ltr'>εἰσόδου,</span> <span class='ocrx_word' id='word_1_57' title='bbox 1313 1184 1338 1250; x_wconf 88' lang='grc' dir='ltr'>εἰ</span> 
     </span>
     <span class='ocr_line' id='line_1_8' title="bbox 323 1302 1339 1400; baseline 0.002 -27"><span class='ocrx_word' id='word_1_58' title='bbox 323 1313 367 1390; x_wconf 85' lang='grc' dir='ltr'>τῷ</span> <span class='ocrx_word' id='word_1_59' title='bbox 388 1303 495 1389; x_wconf 88' lang='grc' dir='ltr'>σκόπῳ</span> <span class='ocrx_word' id='word_1_60' title='bbox 520 1302 631 1370; x_wconf 86' lang='grc' dir='ltr'>ἐκείνου</span> <span class='ocrx_word' id='word_1_61' title='bbox 654 1305 706 1371; x_wconf 82' lang='grc' dir='ltr'>καί</span> <span class='ocrx_word' id='word_1_62' title='bbox 721 1303 762 1372; x_wconf 74' lang='grc' dir='ltr'>τὰ</span> <span class='ocrx_word' id='word_1_63' title='bbox 787 1316 843 1384; x_wconf 77' lang='grc' dir='ltr'>τῆς</span> <span class='ocrx_word' id='word_1_64' title='bbox 863 1305 1036 1398; x_wconf 76' lang='grc' dir='ltr'>ἀκροάσεως</span> <span class='ocrx_word' id='word_1_65' title='bbox 1065 1311 1189 1400; x_wconf 81' lang='grc' dir='ltr'>ριόματα</span> <span class='ocrx_word' id='word_1_66' title='bbox 1206 1303 1339 1400; x_wconf 76' lang='grc' dir='ltr'>συρεύαί-</span> 
     </span>
    </p>
   </div>
   <div class='ocr_carea' id='block_1_3' title="bbox 319 1421 1341 1521">
    <p class='ocr_par' dir='ltr' id='par_1_3' title="bbox 319 1421 1341 1521">
     <span class='ocr_line' id='line_1_9' title="bbox 319 1421 1341 1521; baseline 0.006 -26"><span class='ocrx_word' id='word_1_67' title='bbox 319 1455 413 1497; x_wconf 85' lang='grc' dir='ltr'>νοντα</span> <span class='ocrx_word' id='word_1_68' title='bbox 427 1423 507 1506; x_wconf 75' lang='grc' dir='ltr'>ἕξοι·</span> <span class='ocrx_word' id='word_1_69' title='bbox 530 1424 592 1519; x_wconf 83' lang='grc' dir='ltr'>εἶχε</span> <span class='ocrx_word' id='word_1_70' title='bbox 620 1429 674 1521; x_wconf 81' lang='grc' dir='ltr'>ρεέν</span> <span class='ocrx_word' id='word_1_71' title='bbox 694 1426 745 1496; x_wconf 84' lang='grc' dir='ltr'>οὖν</span> <span class='ocrx_word' id='word_1_72' title='bbox 769 1431 840 1507; x_wconf 87' lang='grc' dir='ltr'>τοὺς</span> <span class='ocrx_word' id='word_1_73' title='bbox 862 1421 964 1508; x_wconf 88' lang='grc' dir='ltr'>πόδας</span> <span class='ocrx_word' id='word_1_74' title='bbox 981 1441 1038 1509; x_wconf 73' lang='grc' dir='ltr'>τῆς</span> <span class='ocrx_word' id='word_1_75' title='bbox 1055 1431 1216 1510; x_wconf 76' lang='grc' dir='ltr'>ἐκκλησίας</span> <span class='ocrx_word' id='word_1_76' title='bbox 1235 1434 1341 1518; x_wconf 78' lang='grc' dir='ltr'>ἐντὸς,</span> 
     </span>
    </p>
   </div>
   <div class='ocr_carea' id='block_1_4' title="bbox 320 1542 1340 1645">
    <p class='ocr_par' dir='ltr' id='par_1_4' title="bbox 320 1542 1340 1645">
     <span class='ocr_line' id='line_1_10' title="bbox 320 1542 1340 1645; baseline 0.001 -24"><span class='ocrx_word' id='word_1_77' title='bbox 320 1548 381 1645; x_wconf 75' lang='grc' dir='ltr'>εἶχε</span> <span class='ocrx_word' id='word_1_78' title='bbox 402 1542 670 1644; x_wconf 79' lang='grc' dir='ltr'>δέπαραδόξως5</span> <span class='ocrx_word' id='word_1_79' title='bbox 691 1551 742 1618; x_wconf 92' lang='grc' dir='ltr'>καὶ</span> <span class='ocrx_word' id='word_1_80' title='bbox 770 1555 824 1620; x_wconf 83' lang='grc' dir='ltr'>τὸν</span> <span class='ocrx_word' id='word_1_81' title='bbox 850 1543 992 1620; x_wconf 79' lang='grc' dir='ltr'>διάκονον</span> <span class='ocrx_word' id='word_1_82' title='bbox 1020 1563 1124 1621; x_wconf 82' lang='grc' dir='ltr'>ταῦτα</span> <span class='ocrx_word' id='word_1_83' title='bbox 1152 1547 1191 1620; x_wconf 84' lang='grc' dir='ltr'>διλ</span> <span class='ocrx_word' id='word_1_84' title='bbox 1221 1556 1261 1621; x_wconf 82' lang='grc' dir='ltr'>τὰ</span> <span class='ocrx_word' id='word_1_85' title='bbox 1284 1567 1340 1623; x_wconf 85' lang='grc' dir='ltr'>τοῦ</span> 
     </span>
    </p>
   </div>
   <div class='ocr_carea' id='block_1_5' title="bbox 264 1664 1347 3130">
    <p class='ocr_par' dir='ltr' id='par_1_5' title="bbox 264 1664 1347 3130">
     <span class='ocr_line' id='line_1_11' title="bbox 320 1664 1339 1772; baseline 0 -26"><span class='ocrx_word' id='word_1_86' title='bbox 320 1678 494 1746; x_wconf 79' lang='grc' dir='ltr'>ἀποστόλού</span> <span class='ocrx_word' id='word_1_87' title='bbox 509 1664 775 1768; x_wconf 55' lang='grc' dir='ltr'>διατρανοῦνταο·</span> <span class='ocrx_word' id='word_1_88' title='bbox 793 1675 929 1770; x_wconf 86' lang='grc' dir='ltr'>Χριστός</span> <span class='ocrx_word' id='word_1_89' title='bbox 941 1681 1022 1768; x_wconf 82' lang='grc' dir='ltr'>ἡμᾶς</span> <span class='ocrx_word' id='word_1_90' title='bbox 1041 1672 1220 1772; x_wconf 79' lang='grc' dir='ltr'>ἐξηγόρασεν</span> <span class='ocrx_word' id='word_1_91' title='bbox 1235 1682 1270 1746; x_wconf 89' lang='grc' dir='ltr'>ἐκ</span> <span class='ocrx_word' id='word_1_92' title='bbox 1285 1689 1339 1758; x_wconf 79' lang='grc' dir='ltr'>τῆς</span> 
     </span>
     <span class='ocr_line' id='line_1_12' title="bbox 321 1790 1338 1895; baseline 0.001 -26"><span class='ocrx_word' id='word_1_93' title='bbox 321 1801 456 1895; x_wconf 76' lang='grc' dir='ltr'>κατάρας</span> <span class='ocrx_word' id='word_1_94' title='bbox 473 1810 527 1868; x_wconf 82' lang='grc' dir='ltr'>τοῦ</span> <span class='ocrx_word' id='word_1_95' title='bbox 543 1800 651 1892; x_wconf 81' lang='grc' dir='ltr'>νόμον,</span> <span class='ocrx_word' id='word_1_96' title='bbox 670 1802 829 1895; x_wconf 79' lang='grc' dir='ltr'>γενόμενος</span> <span class='ocrx_word' id='word_1_97' title='bbox 853 1800 928 1893; x_wconf 79' lang='grc' dir='ltr'>ὑπὲρ</span> <span class='ocrx_word' id='word_1_98' title='bbox 950 1806 1036 1893; x_wconf 78' lang='grc' dir='ltr'>ἡμῶν</span> <span class='ocrx_word' id='word_1_99' title='bbox 1055 1790 1201 1895; x_wconf 60' lang='grc' dir='ltr'>κατόραἿ</span> <span class='ocrx_word' id='word_1_100' title='bbox 1222 1829 1229 1843; x_wconf 91' lang='grc'><em>·</em></span> <span class='ocrx_word' id='word_1_101' title='bbox 1247 1794 1286 1881; x_wconf 83' lang='grc' dir='ltr'>ὦς</span> <span class='ocrx_word' id='word_1_102' title='bbox 1303 1794 1338 1870; x_wconf 86' lang='grc' dir='ltr'>δέ</span> 
     </span>
     <span class='ocr_line' id='line_1_13' title="bbox 264 1915 1340 2018; baseline -0.001 -24"><span class='ocrx_word' id='word_1_103' title='bbox 264 1915 267 1928; x_wconf 60' lang='grc'><strong>’</strong></span> <span class='ocrx_word' id='word_1_104' title='bbox 320 1923 429 1994; x_wconf 77' lang='grc' dir='ltr'>καὶτὰ</span> <span class='ocrx_word' id='word_1_105' title='bbox 448 1929 699 2018; x_wconf 75' lang='grc' dir='ltr'>τοῦπροφτῖτον·</span> <span class='ocrx_word' id='word_1_106' title='bbox 720 1916 823 2009; x_wconf 84' lang='grc' dir='ltr'>Εἶδες,</span> <span class='ocrx_word' id='word_1_107' title='bbox 844 1927 936 2017; x_wconf 90' lang='grc' dir='ltr'>κύριε,</span> <span class='ocrx_word' id='word_1_108' title='bbox 956 1929 997 2016; x_wconf 77' lang='grc' dir='ltr'>μὴ</span> <span class='ocrx_word' id='word_1_109' title='bbox 1018 1933 1272 2018; x_wconf 79' lang='grc' dir='ltr'>παρασιωπησης,</span> <span class='ocrx_word' id='word_1_110' title='bbox 1289 1929 1340 1993; x_wconf 84' lang='grc' dir='ltr'>κύ-</span> 
     </span>
     <span class='ocr_line' id='line_1_14' title="bbox 323 2035 1340 2142; baseline 0 -27"><span class='ocrx_word' id='word_1_111' title='bbox 323 2074 377 2140; x_wconf 88' lang='grc' dir='ltr'>ριε,</span> <span class='ocrx_word' id='word_1_112' title='bbox 392 2051 434 2141; x_wconf 73' lang='grc' dir='ltr'>μὴ</span> <span class='ocrx_word' id='word_1_113' title='bbox 450 2049 589 2142; x_wconf 76' lang='grc' dir='ltr'>ἀποστῇς</span> <span class='ocrx_word' id='word_1_114' title='bbox 604 2044 658 2116; x_wconf 83' lang='grc' dir='ltr'>ἀπ’</span> <span class='ocrx_word' id='word_1_115' title='bbox 674 2050 747 2140; x_wconf 73' lang='grc' dir='ltr'>ἐμοῦ</span> <span class='ocrx_word' id='word_1_116' title='bbox 769 2036 800 2111; x_wconf 75' lang='lat'>⁸.</span> <span class='ocrx_word' id='word_1_117' title='bbox 819 2049 900 2114; x_wconf 81' lang='grc' dir='ltr'>Κατ’</span> <span class='ocrx_word' id='word_1_118' title='bbox 915 2048 989 2114; x_wconf 84' lang='grc' dir='ltr'>αὐτὸ</span> <span class='ocrx_word' id='word_1_119' title='bbox 1006 2038 1105 2114; x_wconf 80' lang='grc' dir='ltr'>δὲκαὶ</span> <span class='ocrx_word' id='word_1_120' title='bbox 1120 2049 1173 2115; x_wconf 87' lang='grc' dir='ltr'>τὸν</span> <span class='ocrx_word' id='word_1_121' title='bbox 1189 2035 1308 2116; x_wconf 71' lang='grc' dir='ltr'>Ἡσαΐαν</span> <span class='ocrx_word' id='word_1_122' title='bbox 1325 2036 1340 2078; x_wconf 78' lang='lat'><strong>⁹</strong></span> 
     </span>
     <span class='ocr_line' id='line_1_15' title="bbox 322 2157 1339 2266; baseline 0.002 -28"><span class='ocrx_word' id='word_1_123' title='bbox 322 2171 562 2265; x_wconf 80' lang='grc' dir='ltr'>ὑπανεγίνιοσκεν</span> <span class='ocrx_word' id='word_1_124' title='bbox 586 2174 707 2264; x_wconf 78' lang='grc' dir='ltr'>ἔτερος·</span> <span class='ocrx_word' id='word_1_125' title='bbox 734 2157 806 2238; x_wconf 77' lang='grc' dir='ltr'>ἐδοὺ</span> <span class='ocrx_word' id='word_1_126' title='bbox 825 2175 964 2256; x_wconf 78' lang='grc' dir='ltr'>σονησει,</span> <span class='ocrx_word' id='word_1_127' title='bbox 983 2175 1127 2266; x_wconf 78' lang='grc' dir='ltr'>λέγων,ό</span> <span class='ocrx_word' id='word_1_128' title='bbox 1150 2180 1220 2251; x_wconf 85' lang='grc' dir='ltr'>παῖς</span> <span class='ocrx_word' id='word_1_129' title='bbox 1241 2200 1298 2264; x_wconf 80' lang='grc' dir='ltr'>μου</span> <span class='ocrx_word' id='word_1_130' title='bbox 1323 2179 1339 2240; x_wconf 89' lang='grc' dir='ltr'><strong>ὁ</strong></span> 
     </span>
     <span class='ocr_line' id='line_1_16' title="bbox 324 2282 1340 2392; baseline 0 -29"><span class='ocrx_word' id='word_1_131' title='bbox 324 2298 486 2392; x_wconf 75' lang='grc' dir='ltr'>ἀγαπητὸς</span> <span class='ocrx_word' id='word_1_132' title='bbox 513 2292 545 2362; x_wconf 83' lang='grc' dir='ltr'>ὃν</span> <span class='ocrx_word' id='word_1_133' title='bbox 572 2296 750 2390; x_wconf 67' lang='grc' dir='ltr'>ηρετίσαρκν</span> <span class='ocrx_word' id='word_1_134' title='bbox 764 2284 800 2363; x_wconf 87' lang='lat'>¹⁰.</span> <span class='ocrx_word' id='word_1_135' title='bbox 813 2282 899 2387; x_wconf 80' lang='grc' dir='ltr'>Ᾰπερ</span> <span class='ocrx_word' id='word_1_136' title='bbox 922 2295 1048 2364; x_wconf 78' lang='grc' dir='ltr'>ἅπαντα</span> <span class='ocrx_word' id='word_1_137' title='bbox 1064 2286 1274 2384; x_wconf 77' lang='grc' dir='ltr'>συνᾴδοντα“</span> <span class='ocrx_word' id='word_1_138' title='bbox 1294 2305 1340 2383; x_wconf 86' lang='grc' dir='ltr'>τῷ</span> 
     </span>
     <span class='ocr_line' id='line_1_17' title="bbox 324 2409 1347 2514; baseline 0.003 -27"><span class='ocrx_word' id='word_1_139' title='bbox 324 2413 381 2509; x_wconf 87' lang='grc' dir='ltr'>δίῳ</span> <span class='ocrx_word' id='word_1_140' title='bbox 395 2420 497 2514; x_wconf 78' lang='grc' dir='ltr'>κρίνας</span> <span class='ocrx_word' id='word_1_141' title='bbox 510 2419 631 2506; x_wconf 79' lang='grc' dir='ltr'>σκότῳ,</span> <span class='ocrx_word' id='word_1_142' title='bbox 656 2422 861 2514; x_wconf 87' lang='grc' dir='ltr'>ἐντελέστερον</span> <span class='ocrx_word' id='word_1_143' title='bbox 882 2421 958 2510; x_wconf 83' lang='grc' dir='ltr'>πρὸς</span> <span class='ocrx_word' id='word_1_144' title='bbox 974 2422 1031 2494; x_wconf 71' lang='grc' dir='ltr'>τὴν</span> <span class='ocrx_word' id='word_1_145' title='bbox 1045 2420 1086 2500; x_wconf 80' lang='grc' dir='ltr'>εἰς</span> <span class='ocrx_word' id='word_1_146' title='bbox 1104 2421 1183 2490; x_wconf 78' lang='grc' dir='ltr'>Θεὸν</span> <span class='ocrx_word' id='word_1_147' title='bbox 1194 2409 1222 2451; x_wconf 85' lang='lat'>¹²</span> <span class='ocrx_word' id='word_1_148' title='bbox 1238 2424 1347 2490; x_wconf 86' lang='grc' dir='ltr'>πίστιν</span> 
     </span>
     <span class='ocr_line' id='line_1_18' title="bbox 324 2530 1341 2638; baseline 0 -27"><span class='ocrx_word' id='word_1_149' title='bbox 324 2534 500 2621; x_wconf 75' lang='grc' dir='ltr'>συνεόίόαζε</span> <span class='ocrx_word' id='word_1_150' title='bbox 527 2544 583 2618; x_wconf 81' lang='grc' dir='ltr'>τλν</span> <span class='ocrx_word' id='word_1_151' title='bbox 617 2540 739 2634; x_wconf 72' lang='grc' dir='ltr'>ψυχὴν,</span> <span class='ocrx_word' id='word_1_152' title='bbox 769 2543 822 2609; x_wconf 81' lang='grc' dir='ltr'>οἵτε</span> <span class='ocrx_word' id='word_1_153' title='bbox 848 2543 970 2620; x_wconf 85' lang='grc' dir='ltr'>συνετὸς</span> <span class='ocrx_word' id='word_1_154' title='bbox 999 2530 1074 2608; x_wconf 68' lang='grc' dir='ltr'>ὢν13</span> <span class='ocrx_word' id='word_1_155' title='bbox 1100 2539 1198 2638; x_wconf 78' lang='grc' dir='ltr'>ἄγαν,</span> <span class='ocrx_word' id='word_1_156' title='bbox 1222 2545 1275 2610; x_wconf 86' lang='grc' dir='ltr'>καὶ</span> <span class='ocrx_word' id='word_1_157' title='bbox 1303 2546 1341 2612; x_wconf 81' lang='grc' dir='ltr'>τὸ</span> 
     </span>
     <span class='ocr_line' id='line_1_19' title="bbox 326 2652 1342 2760; baseline 0.003 -28"><span class='ocrx_word' id='word_1_158' title='bbox 326 2658 395 2734; x_wconf 79' lang='grc' dir='ltr'>δίον</span> <span class='ocrx_word' id='word_1_159' title='bbox 406 2654 434 2696; x_wconf 76' lang='lat'>¹¹⁸</span> <span class='ocrx_word' id='word_1_160' title='bbox 448 2657 578 2733; x_wconf 78' lang='grc' dir='ltr'>συνιδεῖν</span> <span class='ocrx_word' id='word_1_161' title='bbox 593 2660 753 2746; x_wconf 78' lang='grc' dir='ltr'>ὀξύτατος.</span> <span class='ocrx_word' id='word_1_162' title='bbox 770 2652 850 2733; x_wconf 64' lang='lat' dir='ltr'>Emi</span> <span class='ocrx_word' id='word_1_163' title='bbox 874 2658 908 2733; x_wconf 81' lang='grc' dir='ltr'>δὲ</span> <span class='ocrx_word' id='word_1_164' title='bbox 928 2668 980 2734; x_wconf 88' lang='grc' dir='ltr'>καὶ</span> <span class='ocrx_word' id='word_1_165' title='bbox 998 2673 1014 2734; x_wconf 90' lang='grc' dir='ltr'><strong>ὀ</strong></span> <span class='ocrx_word' id='word_1_166' title='bbox 1031 2669 1132 2760; x_wconf 86' lang='grc' dir='ltr'>καιρὸς</span> <span class='ocrx_word' id='word_1_167' title='bbox 1150 2671 1251 2735; x_wconf 81' lang='grc' dir='ltr'>ἐκάλεε</span> <span class='ocrx_word' id='word_1_168' title='bbox 1270 2668 1342 2748; x_wconf 80' lang='grc' dir='ltr'>τοὺς</span> 
     </span>
     <span class='ocr_line' id='line_1_20' title="bbox 320 2770 1339 2880; baseline 0 -28"><span class='ocrx_word' id='word_1_169' title='bbox 320 2770 571 2878; x_wconf 79' lang='grc' dir='ltr'>Ικατηχουριόνοος</span> <span class='ocrx_word' id='word_1_170' title='bbox 591 2796 647 2864; x_wconf 78' lang='grc' dir='ltr'>τῆς</span> <span class='ocrx_word' id='word_1_171' title='bbox 666 2785 827 2864; x_wconf 81' lang='grc' dir='ltr'>ἐκκλησίας</span> <span class='ocrx_word' id='word_1_172' title='bbox 844 2778 978 2872; x_wconf 84' lang='grc' dir='ltr'>βαδίζειν</span> <span class='ocrx_word' id='word_1_173' title='bbox 1001 2788 1101 2872; x_wconf 85' lang='grc' dir='ltr'>ἐκτὸς,</span> <span class='ocrx_word' id='word_1_174' title='bbox 1120 2792 1136 2853; x_wconf 88' lang='grc' dir='ltr'>ό</span> <span class='ocrx_word' id='word_1_175' title='bbox 1152 2778 1187 2854; x_wconf 81' lang='grc' dir='ltr'>δέ</span> <span class='ocrx_word' id='word_1_176' title='bbox 1202 2789 1339 2880; x_wconf 78' lang='grc' dir='ltr'>ἐπέμενεν</span> 
     </span>
     <span class='ocr_line' id='line_1_21' title="bbox 325 2898 1340 3005; baseline 0.002 -28"><span class='ocrx_word' id='word_1_177' title='bbox 325 2902 411 2978; x_wconf 85' lang='grc' dir='ltr'>ἔνδον</span> <span class='ocrx_word' id='word_1_178' title='bbox 431 2907 483 2990; x_wconf 81' lang='grc' dir='ltr'>ὢν,</span> <span class='ocrx_word' id='word_1_179' title='bbox 503 2901 644 2987; x_wconf 87' lang='grc' dir='ltr'>διοίκονός</span> <span class='ocrx_word' id='word_1_180' title='bbox 666 2936 725 2995; x_wconf 89' lang='grc' dir='ltr'>τις,</span> <span class='ocrx_word' id='word_1_181' title='bbox 746 2909 826 2997; x_wconf 84' lang='grc' dir='ltr'>ᾧπερ</span> <span class='ocrx_word' id='word_1_182' title='bbox 837 2898 863 2940; x_wconf 80' lang='lat'>¹⁵</span> <span class='ocrx_word' id='word_1_183' title='bbox 881 2899 1028 3002; x_wconf 83' lang='grc' dir='ltr'>Ᾰστέριος</span> <span class='ocrx_word' id='word_1_184' title='bbox 1044 2910 1152 3002; x_wconf 82' lang='grc' dir='ltr'>ὄνομα,</span> <span class='ocrx_word' id='word_1_185' title='bbox 1167 2912 1340 3005; x_wconf 80' lang='grc' dir='ltr'>’ἐπέτρεπεν</span> 
     </span>
     <span class='ocr_line' id='line_1_22' title="bbox 326 3021 1341 3130; baseline -0.001 -27"><span class='ocrx_word' id='word_1_186' title='bbox 326 3030 434 3114; x_wconf 84' lang='grc' dir='ltr'>ἐξιέναι</span> <span class='ocrx_word' id='word_1_187' title='bbox 448 3022 493 3076; x_wconf 79' lang='lat'>¹⁶·</span> <span class='ocrx_word' id='word_1_188' title='bbox 514 3040 530 3102; x_wconf 89' lang='grc' dir='ltr'>ὁ</span> <span class='ocrx_word' id='word_1_189' title='bbox 550 3026 585 3101; x_wconf 82' lang='grc' dir='ltr'>δέ</span> <span class='ocrx_word' id='word_1_190' title='bbox 605 3021 762 3122; x_wconf 72' lang='grc' dir='ltr'>κρίκεῑσε17</span> <span class='ocrx_word' id='word_1_191' title='bbox 776 3035 812 3100; x_wconf 88' lang='grc' dir='ltr'>τὸ</span> <span class='ocrx_word' id='word_1_192' title='bbox 834 3033 955 3125; x_wconf 78' lang='grc' dir='ltr'>θερμὸν,</span> <span class='ocrx_word' id='word_1_193' title='bbox 977 3039 1016 3111; x_wconf 87' lang='grc' dir='ltr'>ὡς</span> <span class='ocrx_word' id='word_1_194' title='bbox 1032 3034 1122 3117; x_wconf 82' lang='grc' dir='ltr'>ἔοικε,</span> <span class='ocrx_word' id='word_1_195' title='bbox 1138 3034 1190 3100; x_wconf 81' lang='grc' dir='ltr'>καὶ</span> <span class='ocrx_word' id='word_1_196' title='bbox 1208 3034 1341 3130; x_wconf 82' lang='grc' dir='ltr'>μεγαλό-</span> 
     </span>
    </p>
   </div>
   <div class='ocr_carea' id='block_1_6' title="bbox 327 3147 1342 3251">
    <p class='ocr_par' dir='ltr' id='par_1_6' title="bbox 327 3147 1342 3251">
     <span class='ocr_line' id='line_1_23' title="bbox 327 3147 1342 3251; baseline 0 -26"><span class='ocrx_word' id='word_1_197' title='bbox 327 3155 438 3251; x_wconf 79' lang='grc' dir='ltr'>ψυχον,</span> <span class='ocrx_word' id='word_1_198' title='bbox 452 3161 504 3226; x_wconf 90' lang='grc' dir='ltr'>καὶ</span> <span class='ocrx_word' id='word_1_199' title='bbox 528 3160 565 3226; x_wconf 90' lang='grc' dir='ltr'>τὸ</span> <span class='ocrx_word' id='word_1_200' title='bbox 589 3166 643 3224; x_wconf 86' lang='grc' dir='ltr'>τοῦ</span> <span class='ocrx_word' id='word_1_201' title='bbox 668 3160 863 3250; x_wconf 68' lang='grc' dir='ltr'>φρονήματος</span> <span class='ocrx_word' id='word_1_202' title='bbox 880 3155 1091 3222; x_wconf 81' lang='grc' dir='ltr'>ἀταπείνωτον</span> <span class='ocrx_word' id='word_1_203' title='bbox 1118 3147 1215 3234; x_wconf 74' lang='grc' dir='ltr'>δεῖξαι</span> <span class='ocrx_word' id='word_1_204' title='bbox 1234 3159 1342 3242; x_wconf 90' lang='grc' dir='ltr'>βουλό·</span> 
     </span>
    </p>
   </div>
   <div class='ocr_carea' id='block_1_7' title="bbox 331 3407 1335 4231">
    <p class='ocr_par' dir='ltr' id='par_1_7' title="bbox 331 3407 1335 4231">
     <span class='ocr_line' id='line_1_24' title="bbox 365 3407 1052 3479; baseline -0.009 -11"><span class='ocrx_word' id='word_1_205' title='bbox 365 3422 385 3468; x_wconf 91' lang='grc'><strong>1.</strong></span> <span class='ocrx_word' id='word_1_206' title='bbox 404 3417 457 3476; x_wconf 79' lang='grc' dir='ltr'>Ὣς,</span> <span class='ocrx_word' id='word_1_207' title='bbox 470 3417 499 3469; x_wconf 89' lang='grc' dir='ltr'><strong>Β.</strong></span> <span class='ocrx_word' id='word_1_208' title='bbox 849 3411 899 3479; x_wconf 81' lang='grc' dir='ltr'>νβ’,</span> <span class='ocrx_word' id='word_1_209' title='bbox 912 3407 962 3475; x_wconf 73' lang='grc' dir='ltr'>τιν’,</span> <span class='ocrx_word' id='word_1_210' title='bbox 977 3410 1052 3464; x_wconf 78' lang='lat' dir='ltr'>Lxx.</span> 
     </span>
     <span class='ocr_line' id='line_1_25' title="bbox 363 3495 1335 3562; baseline -0.007 -10"><span class='ocrx_word' id='word_1_211' title='bbox 363 3510 389 3551; x_wconf 77' lang='lat'>2.</span> <span class='ocrx_word' id='word_1_212' title='bbox 407 3502 585 3552; x_wconf 67' lang='lat' dir='ltr'><strong><em>Dominicum.</em></strong></span> <span class='ocrx_word' id='word_1_213' title='bbox 780 3500 790 3519; x_wconf 79' lang='lat'>⁸</span> <span class='ocrx_word' id='word_1_214' title='bbox 880 3504 919 3548; x_wconf 81' lang='grc'><strong>10.</strong></span> <span class='ocrx_word' id='word_1_215' title='bbox 936 3497 1071 3562; x_wconf 84' lang='grc' dir='ltr'>Ἧρέτησοι,</span> <span class='ocrx_word' id='word_1_216' title='bbox 1085 3496 1114 3547; x_wconf 92' lang='grc' dir='ltr'><strong>Β.</strong></span> <span class='ocrx_word' id='word_1_217' title='bbox 1127 3495 1154 3546; x_wconf 84' lang='lat' dir='ltr'>F.</span> <span class='ocrx_word' id='word_1_218' title='bbox 1169 3523 1198 3536; x_wconf 92' lang='lat'>-</span> <span class='ocrx_word' id='word_1_219' title='bbox 1215 3495 1335 3559; x_wconf 80' lang='grc' dir='ltr'>Ἦρήτισα</span> 
     </span>
     <span class='ocr_line' id='line_1_26' title="bbox 363 3579 923 3649; baseline -0.011 -13"><span class='ocrx_word' id='word_1_220' title='bbox 363 3590 388 3635; x_wconf 79' lang='lat'>³.</span> <span class='ocrx_word' id='word_1_221' title='bbox 406 3583 686 3649; x_wconf 76' lang='grc' dir='ltr'>Ἆντιφιλοτιμωςιίνονς,</span> <span class='ocrx_word' id='word_1_222' title='bbox 701 3584 730 3633; x_wconf 89' lang='grc' dir='ltr'><strong>Β.</strong></span> <span class='ocrx_word' id='word_1_223' title='bbox 744 3581 773 3632; x_wconf 83' lang='lat' dir='ltr'>C.</span> <span class='ocrx_word' id='word_1_224' title='bbox 785 3582 812 3632; x_wconf 85' lang='lat' dir='ltr'>E·</span> <span class='ocrx_word' id='word_1_225' title='bbox 850 3582 879 3634; x_wconf 89' lang='lat' dir='ltr'>C.</span> <span class='ocrx_word' id='word_1_226' title='bbox 893 3579 923 3631; x_wconf 85' lang='grc' dir='ltr'><strong>Β.</strong></span> 
     </span>
     <span class='ocr_line' id='line_1_27' title="bbox 364 3664 1069 3734; baseline -0.006 -15"><span class='ocrx_word' id='word_1_227' title='bbox 364 3673 389 3719; x_wconf 75' lang='grc'><strong>1.</strong></span> <span class='ocrx_word' id='word_1_228' title='bbox 407 3667 546 3734; x_wconf 74' lang='grc' dir='ltr'>Σύμύολον,</span> <span class='ocrx_word' id='word_1_229' title='bbox 555 3669 582 3720; x_wconf 94' lang='grc' dir='ltr'><strong>Β.</strong></span> <span class='ocrx_word' id='word_1_230' title='bbox 593 3667 622 3719; x_wconf 88' lang='lat' dir='ltr'>C.</span> <span class='ocrx_word' id='word_1_231' title='bbox 635 3664 823 3727; x_wconf 77' lang='grc' dir='ltr'><strong>Β.-Σύμ6ον·</strong></span> <span class='ocrx_word' id='word_1_232' title='bbox 881 3673 921 3719; x_wconf 92' lang='grc'><strong>11.</strong></span> <span class='ocrx_word' id='word_1_233' title='bbox 940 3666 1025 3729; x_wconf 72' lang='lat' dir='ltr'><strong>Deest,</strong></span> <span class='ocrx_word' id='word_1_234' title='bbox 1039 3666 1069 3716; x_wconf 88' lang='lat' dir='ltr'>B.</span> 
     </span>
     <span class='ocr_line' id='line_1_28' title="bbox 331 3749 1117 3810; baseline 0.001 -8"><span class='ocrx_word' id='word_1_235' title='bbox 331 3754 382 3810; x_wconf 87' lang='grc' dir='ltr'>λον,</span> <span class='ocrx_word' id='word_1_236' title='bbox 394 3750 426 3803; x_wconf 76' lang='grc' dir='ltr'><strong>Δ.</strong></span> <span class='ocrx_word' id='word_1_237' title='bbox 881 3760 921 3804; x_wconf 75' lang='grc'><strong>11.</strong></span> <span class='ocrx_word' id='word_1_238' title='bbox 938 3755 989 3802; x_wconf 85' lang='grc' dir='ltr'>Τοῦ</span> <span class='ocrx_word' id='word_1_239' title='bbox 1004 3749 1079 3807; x_wconf 75' lang='grc' dir='ltr'>θεοῦ,</span> <span class='ocrx_word' id='word_1_240' title='bbox 1088 3753 1117 3803; x_wconf 93' lang='grc' dir='ltr'><strong>Β.</strong></span> 
     </span>
     <span class='ocr_line' id='line_1_29' title="bbox 366 3832 1069 3907; baseline -0.004 -22"><span class='ocrx_word' id='word_1_241' title='bbox 366 3841 390 3885; x_wconf 83' lang='lat'>5.</span> <span class='ocrx_word' id='word_1_242' title='bbox 409 3835 452 3900; x_wconf 85' lang='grc' dir='ltr'><strong>Τῷ</strong></span> <span class='ocrx_word' id='word_1_243' title='bbox 464 3833 605 3899; x_wconf 77' lang='grc' dir='ltr'>παραδόξῳ,</span> <span class='ocrx_word' id='word_1_244' title='bbox 614 3834 643 3885; x_wconf 89' lang='grc' dir='ltr'>Β.</span> <span class='ocrx_word' id='word_1_245' title='bbox 881 3839 921 3907; x_wconf 82' lang='grc'><strong>13.</strong></span> <span class='ocrx_word' id='word_1_246' title='bbox 942 3834 1026 3895; x_wconf 75' lang='lat' dir='ltr'>Deest,</span> <span class='ocrx_word' id='word_1_247' title='bbox 1040 3832 1069 3882; x_wconf 91' lang='grc' dir='ltr'><strong>Β.</strong></span> 
     </span>
     <span class='ocr_line' id='line_1_30' title="bbox 366 3913 1126 3983; baseline -0.012 -13"><span class='ocrx_word' id='word_1_248' title='bbox 366 3929 390 3970; x_wconf 79' lang='grc'><strong>11.</strong></span> <span class='ocrx_word' id='word_1_249' title='bbox 410 3922 564 3983; x_wconf 83' lang='grc' dir='ltr'>Τρανοῦντα,</span> <span class='ocrx_word' id='word_1_250' title='bbox 578 3918 606 3969; x_wconf 82' lang='grc' dir='ltr'><strong>Β.</strong></span> <span class='ocrx_word' id='word_1_251' title='bbox 883 3920 922 3967; x_wconf 82' lang='grc'><strong>11.</strong></span> <span class='ocrx_word' id='word_1_252' title='bbox 940 3915 977 3964; x_wconf 82' lang='grc' dir='ltr'>Τὰ</span> <span class='ocrx_word' id='word_1_253' title='bbox 987 3914 1084 3971; x_wconf 74' lang='grc' dir='ltr'>δέοντα,</span> <span class='ocrx_word' id='word_1_254' title='bbox 1099 3913 1126 3964; x_wconf 85' lang='lat' dir='ltr'>F.</span> 
     </span>
     <span class='ocr_line' id='line_1_31' title="bbox 366 3998 1077 4066; baseline -0.008 -15"><span class='ocrx_word' id='word_1_255' title='bbox 366 4008 391 4050; x_wconf 77' lang='lat'>7.</span> <span class='ocrx_word' id='word_1_256' title='bbox 409 4002 477 4066; x_wconf 81' lang='grc' dir='ltr'>Πρός</span> <span class='ocrx_word' id='word_1_257' title='bbox 488 4001 604 4061; x_wconf 77' lang='grc' dir='ltr'>Γαλάτας,</span> <span class='ocrx_word' id='word_1_258' title='bbox 614 4017 669 4063; x_wconf 86' lang='grc' dir='ltr'>κεφ.</span> <span class='ocrx_word' id='word_1_259' title='bbox 680 3998 713 4049; x_wconf 75' lang='grc' dir='ltr'><strong>Γ.</strong></span> <span class='ocrx_word' id='word_1_260' title='bbox 882 4004 921 4047; x_wconf 83' lang='grc'><strong>15.</strong></span> <span class='ocrx_word' id='word_1_261' title='bbox 942 3999 1035 4061; x_wconf 75' lang='grc' dir='ltr'>Ὅπερ,</span> <span class='ocrx_word' id='word_1_262' title='bbox 1049 3998 1077 4048; x_wconf 93' lang='grc' dir='ltr'>Β.</span> 
     </span>
     <span class='ocr_line' id='line_1_32' title="bbox 367 4080 1118 4150; baseline -0.005 -16"><span class='ocrx_word' id='word_1_263' title='bbox 367 4092 391 4134; x_wconf 73' lang='grc'><strong>11.</strong></span> <span class='ocrx_word' id='word_1_264' title='bbox 410 4087 492 4148; x_wconf 81' lang='grc' dir='ltr'><strong>Ψσλμ.</strong></span> <span class='ocrx_word' id='word_1_265' title='bbox 506 4084 559 4146; x_wconf 72' lang='grc' dir='ltr'>Λδ,</span> <span class='ocrx_word' id='word_1_266' title='bbox 568 4083 615 4150; x_wconf 83' lang='grc' dir='ltr'>κβ’.</span> <span class='ocrx_word' id='word_1_267' title='bbox 883 4089 920 4132; x_wconf 82' lang='grc'><strong>16.</strong></span> <span class='ocrx_word' id='word_1_268' title='bbox 938 4081 1078 4137; x_wconf 78' lang='grc' dir='ltr'>Ἐπεξιέναι,</span> <span class='ocrx_word' id='word_1_269' title='bbox 1090 4080 1118 4130; x_wconf 93' lang='grc' dir='ltr'><strong>Β.</strong></span> 
     </span>
     <span class='ocr_line' id='line_1_33' title="bbox 367 4165 1114 4231; baseline -0.009 -12"><span class='ocrx_word' id='word_1_270' title='bbox 367 4175 390 4219; x_wconf 85' lang='grc'><strong>9.</strong></span> <span class='ocrx_word' id='word_1_271' title='bbox 408 4166 472 4218; x_wconf 75' lang='grc' dir='ltr'>Ἰδού</span> <span class='ocrx_word' id='word_1_272' title='bbox 484 4169 586 4230; x_wconf 82' lang='grc' dir='ltr'>σονήσει</span> <span class='ocrx_word' id='word_1_273' title='bbox 603 4167 685 4224; x_wconf 84' lang='grc' dir='ltr'>ύτιαῖς</span> <span class='ocrx_word' id='word_1_274' title='bbox 699 4165 756 4231; x_wconf 79' lang='grc' dir='ltr'>μού,</span> <span class='ocrx_word' id='word_1_275' title='bbox 767 4169 822 4216; x_wconf 87' lang='grc' dir='ltr'><strong>Ἠσ.</strong></span> <span class='ocrx_word' id='word_1_276' title='bbox 883 4171 921 4217; x_wconf 81' lang='grc'><strong>17.</strong></span> <span class='ocrx_word' id='word_1_277' title='bbox 941 4165 1074 4231; x_wconf 77' lang='grc' dir='ltr'>Κᾲκεῑσαε,</span> <span class='ocrx_word' id='word_1_278' title='bbox 1087 4165 1114 4214; x_wconf 83' lang='grc' dir='ltr'><strong>Α.</strong></span> 
     </span>
    </p>
   </div>
   <div class='ocr_carea' id='block_1_8' title="bbox 0 0 1670 5272">
    <p class='ocr_par' dir='ltr' id='par_1_8' title="bbox 0 0 1670 5272">
     <span class='ocr_line' id='line_1_34' title="bbox 0 0 1670 5272; baseline 0 0"><span class='ocrx_word' id='word_1_279' title='bbox 0 0 1670 5272; x_wconf 95' lang='lat' dir='ltr'> </span> 
     </span>
    </p>
   </div>
  </div>
 </body>
</html>
