3300 5272
547 445 676 495 sturnus
700 445 740 495 ar
764 444 916 497 neamus.
1193 423 1237 498 ta

234 571 378 646 concilio
411 570 534 661 adsuit,
569 573 774 647 Cresconius
795 574 990 646 titalianus
1009 594 1100 647 anno
1123 599 1238 648 cccaxr

234 695 405 770 collationi
424 693 696 794 Carthaginiensi
709 694 928 795 subscripsit.
944 694 1126 781 Κιὸαλινῆς.

612 909 631 958 t
655 905 860 963 turnucum.

281 1065 430 1147 tutum
458 1066 621 1155 incana.
655 1067 758 1167 Cypr.
779 1068 881 1143 tertio
897 1069 1238 1183 nominatorpnper.

181 1226 183 1231 ·
233 1186 753 1289 cicerumoppidum.-flard.,
773 1202 802 1267 t.
815 1193 845 1289 1,
860 1215 899 1293 p.
923 1194 1025 1299 171..Ι

638 1406 828 1463 armatur.
922 1396 926 1433 ²

276 1571 319 1640 tt.
337 1569 540 1640 uastat?

277 1688 455 1764 l’raehetur
470 1689 508 1763 in
533 1710 632 1764 conc.
658 1691 760 1789 cypr.
782 1686 825 1763 do
841 1690 1017 1789 Baptismo
1033 1699 1068 1765 et
1086 1691 1233 1785 coperit,

234 1815 266 1905 l,
287 1815 367 1888 133.
387 1854 437 1869 -
452 1815 597 1911 Insuper
612 1811 737 1912 legitur
762 1811 810 1887 ad
830 1814 1063 1890 Thibaritoaos
1075 1814 1236 1912 Cypriani

230 1934 386 2036 epistola.
403 1935 578 2009 —Tsrr..
599 1958 741 2009 rrturvrr
758 1936 893 2034 prabet
905 1939 1066 2034 inscript.
1090 1938 1232 2010 Gnerin.

277 2062 458 2135 Cumvero
480 2061 710 2134 Thibaritooos
728 2060 838 2135 risere
854 2060 891 2134 in
913 2060 1003 2134 votis
1021 2082 1060 2133 se
1073 2057 1235 2134 habuisse

228 2183 353 2258 dixerit
381 2184 586 2285 Cyprianus,
617 2206 736 2258 oorram
765 2184 847 2258 licet
870 2184 1041 2259 ciuitatem
1066 2192 1234 2257 remotam

227 2330 302 2382 essa
314 2304 476 2399 declaret,
490 2307 648 2382 Baluzius
660 2305 707 2382 ad
720 2306 1028 2406 eptsuutaum
1048 2306 1234 2405 provinciae

225 2433 414 2530 Byzacena
428 2429 535 2505 tuisse
554 2430 753 2506 arbitratur.
779 2466 782 2474 ·

578 2650 598 2700 t
621 2650 696 2701 VICO
720 2649 871 2701 castate.

272 2820 509 2918 Clarissimam
528 2819 657 2897 Juliam
682 2824 875 2897 cesaream
896 2820 947 2895 ita
973 2818 1145 2920 dedignari
1167 2821 1231 2894 Pa·

222 2946 347 3020 melius
373 2955 487 3044 putat.
517 2947 743 3021 Caesarienses
769 2969 852 3021 sane
878 2955 913 3019 et
933 2947 970 3018 in
995 2947 1124 3020 Notitio
1139 2955 1174 3018 et
1195 2948 1231 3020 in

221 3069 376 3144 conciliis
407 3071 588 3167 permultis
622 3071 773 3170 episcopi
803 3072 1034 3144 nominantur.
1070 3050 1229 3163 Ruinart,

222 3198 311 3267 Nota
331 3197 370 3267 io
387 3198 539 3269 notitiam
559 3197 705 3290 Africa,
727 3197 884 3285 Numici„
900 3220 938 3292 p.
957 3195 1042 3269 268.
1067 3197 1152 3268 Utut
1168 3197 1227 3289 sit,

114 3337 116 3340 ⁴
223 3317 432 3409 Caesaream,
454 3330 556 3391 antea
586 3317 640 3392 tol
666 3316 873 3410 vocitatam,
903 3316 1003 3391 Iubae
1028 3317 1182 3416 repam,
1208 3340 1230 3391 a

221 3439 366 3515 Claudio
396 3440 541 3514 coloniae
557 3447 640 3538 jura.
667 3440 847 3528 donatam,
877 3442 1069 3539 sepissima
1097 3440 1228 3539 antiqui

222 3564 424 3664 egregieque
448 3561 609 3657 laudant,
630 3563 783 3656 Plinius,
804 3562 1032 3658 Ptolomeus,
1059 3564 1227 3638 Antonius

220 3689 281 3786 qui
299 3709 377 3762 eam
406 3690 596 3761 Cesaram
612 3687 783 3765 coloniam
803 3686 901 3780 dicit,
921 3687 1129 3785 Pomponius
1150 3686 1226 3761 Mo·

221 3813 285 3901 las,
304 3811 506 3910 Procopius,
528 3812 770 3911 Symmachus,
798 3813 948 3887 Solinus.
966 3810 1134 3885 Ctmctetl
1146 3833 1226 3885 vero

220 3958 297 4010 essa
322 3938 513 4009 Caesaream
543 3934 638 4010 illam
665 3932 821 4010 indicant
848 3947 884 4008 et
914 3933 1031 4008 multae
1053 3934 1163 4008 ruina
1192 3947 1227 4009 et

221 4071 354 4134 veteres
378 4060 630 4158 inscriptiones.
659 4058 832 4138 Nonnulla
864 4071 899 4133 ot
924 4082 1040 4135 rerum
1068 4056 1225 4132 christia·
