3300 5272
788 442 937 503 sstlsml
961 443 1137 503 mount
1168 443 1292 503 [ΧΙΙΙ.

522 1503 671 1570 Hominis
699 1505 733 1567 in
761 1502 863 1568 domo
892 1505 938 1593 pii
967 1506 1064 1569 heros
1090 1505 1196 1569 stabat
1221 1503 1371 1594 quidam,
1398 1507 1489 1591 cujus
1512 1506 1599 1569 intus

477 1627 558 1692 auloe
572 1627 723 1692 sacellum
746 1643 824 1693 erat.
850 1627 902 1693 lbi
926 1627 1000 1693 ideo
1025 1627 1146 1694 faciens
1164 1632 1269 1710 sacra,
1288 1650 1422 1716 arasque
1440 1650 1600 1693 coronans

476 1773 513 1815 ac
528 1772 681 1840 spargens
697 1750 793 1832 vino,
813 1773 924 1840 preces
948 1750 1107 1817 fundebat
1128 1752 1293 1817 assiduas:
1312 1752 1447 1832 «Salve,
1463 1752 1599 1816 heroum

475 1873 725 1955 «dilectissime,
766 1875 1096 1965 contubemalemque
1134 1892 1228 1941 tuum
1268 1874 1445 1965 dapsilibus
1481 1896 1600 1962 augeas

478 2025 491 2050 ι
505 1995 602 2060 bonis
615 2028 637 2060 ν.

522 2118 565 2182 Et
585 2119 680 2186 heros
697 2119 761 2202 illi,
777 2119 892 2185 mediae
906 2122 1011 2186 noctis
1025 2122 1125 2204 hora,
1144 2154 1157 2179 a
1170 2123 1321 2187 Bonum·
1336 2123 1456 2210 inquit,
1474 2119 1598 2185 nullum

477 2272 490 2296 ι
504 2240 590 2305 ullus
612 2242 750 2306 heroum
772 2242 972 2332 impertietur
991 2244 1060 2309 tibi.
1083 2243 1171 2311 Talia
1188 2260 1279 2334 petas
1300 2267 1317 2309 a
1341 2242 1414 2309 diis.
1440 2247 1497 2310 Ast
1523 2265 1600 2307 cun-

476 2379 651 2449 «ntorum,
686 2366 804 2455 quibus
832 2367 984 2432 mortales
1014 2384 1223 2457 premuntur,
1247 2368 1407 2433 malorum
1431 2367 1600 2457 largitores

478 2519 491 2546 ι
507 2512 626 2555 sumus.
645 2487 772 2555 ldcirco
795 2490 823 2555 si
848 2491 932 2556 mala
950 2491 1042 2580 cupis
1060 2491 1138 2574 tibi,
1156 2507 1290 2582 rogat03
1314 2490 1466 2580 praebelio
1483 2489 1599 2563 multa,

478 2640 490 2665 ι
507 2634 608 2676 unum
625 2611 700 2677 licet
715 2612 936 2701 postulaveris.
960 2614 1033 2701 lpse
1050 2634 1130 2701 ergo
1147 2614 1264 2679 novisti
1289 2636 1368 2679 num
1390 2636 1459 2679 rem
1476 2635 1599 2679 sacram

478 2763 491 2788 ι
507 2731 659 2823 deinceps
675 2733 772 2800 facies
786 2766 809 2799 ».

522 3032 620 3116 Quod
638 3035 680 3100 ab
702 3035 862 3123 improbis
880 3035 968 3100 bona
985 3057 1054 3099 non
1077 3048 1226 3124 oporteat
1251 3050 1376 3123 petere;
1392 3056 1460 3099 non
1477 3033 1601 3101 dabunt

479 3154 574 3220 enim.
591 3155 626 3220 Si
641 3178 716 3221 vero
733 3154 815 3221 mala
829 3156 901 3245 quis
916 3156 1058 3245 petierit,
1074 3156 1153 3220 dant
1165 3155 1311 3245 paratius.

480 3590 531 3641 lore
552 3587 694 3653 proximum
713 3591 768 3650 ast,
791 3589 865 3640 talem
893 3592 1015 3641 actionem
1068 3608 1136 3655 μενος
1147 3592 1354 3656 ιτοίμωςπαρίειι.
1365 3588 1532 3653 mquidem
1548 3589 1599 3639 edi-

480 3681 530 3719 noo
542 3682 587 3733 pro
605 3670 671 3718 cena
686 3667 827 3730 venditans3
845 3669 888 3719 sed
905 3682 955 3720 noo
967 3671 1016 3721 im·
1069 3668 1109 3728 dl,
1128 3672 1201 3733 prout
1219 3680 1365 3732 repereram,
1378 3679 1534 3730 anonymam.
1554 3667 1599 3717 sed

480 3746 614 3811 probabilis
623 3759 677 3797 osse
689 3745 795 3797 videtur.
1068 3747 1095 3797 in
1104 3747 1190 3798 codice
1199 3744 1332 3808 Georgidoe,
1342 3758 1416 3808 quem
1426 3758 1521 3794 mecum
1534 3758 1600 3795 com·

512 3827 550 3878 slt
570 3829 596 3877 et
622 3839 667 3890 pro
691 3825 865 3878 affabulationis
894 3828 1015 3878 aeatemia
1068 3825 1308 3886 munimvittdmtc,
1320 3836 1408 3874 nomen
1418 3823 1529 3888 Βαόρίου,
1543 3836 1601 3886 praa

481 3905 633 3968 Gnomologii
645 3904 797 3967 Georgidianl
811 3918 827 3955 a
840 3918 880 3956 me
891 3905 956 3956 edita
967 3911 1013 3956 An.
1067 3902 1164 3954 cademi
1173 3903 1293 3964 additum,
1301 3915 1376 3965 quam
1385 3901 1456 3950 attuli
1463 3901 1494 3950 ad
1502 3901 1600 3951 Fabulae

481 3988 522 4034 Gr.
539 3986 559 4034 t
577 3991 634 4048 1‚p.
652 3988 680 4035 st
698 3997 705 4033 τ
721 3984 806 4034 διττὸν
825 3985 925 4050 ποντρὸν
943 3984 1016 4048 ἄνδρα
1068 3988 1100 4033 to
1118 3980 1326 4043 allabulatiooem,
1340 3983 1366 4032 et
1381 3978 1439 4030 holo
1448 3979 1601 4031 contribuen-

481 4063 515 4125 μὴ
532 4062 605 4113 alaalv
622 4061 707 4126 ἀγαθά·
722 4062 786 4113 κακὰ
799 4062 825 4114 δὲ
841 4063 927 4126 μᾶλλον
937 4062 1021 4112 alnoo·
1067 4059 1126 4108 dum
1135 4061 1181 4109 eat.
