3300 5272
555 410 604 469 ur
623 409 877 471 nonnosum.
975 365 979 371 ⁵
1112 443 1114 447 <
1221 425 1273 476 sn

207 572 241 636 P.
261 573 334 660 167,
357 595 387 637 n.
408 573 437 636 5.
457 573 513 637 Est
527 572 634 638 hiatus
652 575 784 639 relictus
803 576 943 640 inversu
963 577 1123 666 Sibyllino
1140 577 1175 660 5,
1194 580 1277 666 289:

167 688 204 759 Al
219 688 267 774 αί,
286 681 468 775 Λαοδίκεια,
488 693 568 764 sant
592 677 682 758 ιιόλι·
711 697 751 772 ὼς
770 693 942 764 ἀπολεῖσθε.
960 698 1112 790 Propono
1126 695 1226 776 πόλις.

208 820 285 884 Fab.
306 842 359 907 91.
378 819 473 884 conf.
490 819 619 885 Knoch.
634 820 746 910 fragm
762 826 814 909 49.
832 860 872 871 ·—
886 823 916 889 6.
933 825 970 888 ln
986 825 1159 906 sententia,
1179 823 1280 914 γνώσῃ

166 938 267 1005 Πόσον
278 936 392 1032 τράγου
403 930 518 1030 μεταξὺ
533 936 585 1004 καὶ
596 938 691 1006 πόσον
701 941 830 1033 ταύρου,
852 960 901 1009 est
916 945 1064 1011 nonnihil
1078 946 1280 1043 inconcinni,

166 1081 202 1128 ut
224 1065 257 1127 in
273 1064 417 1129 versibus
440 1065 565 1129 Horatii
581 1088 590 1130 ι
610 1097 623 1121 «
637 1065 757 1131 bellurn
772 1066 885 1131 incidit
898 1068 984 1131 inter
1001 1070 1139 1133 Hectora
1152 1068 1282 1134 Priami-

165 1188 228 1253 den
253 1188 433 1253 animosum
456 1204 552 1276 atque
574 1189 658 1254 inter
684 1190 844 1255 Achillem
947 1191 1066 1257 Nestor
1082 1192 1283 1282 ¹componere

167 1313 237 1377 lites
254 1313 342 1378 Inter
355 1310 486 1377 Peliden
502 1311 629 1378 festinat
646 1328 678 1376 et
693 1316 778 1379 inter
793 1313 926 1379 Atriden
941 1346 954 1370 »
970 1314 1034 1395 Qui
1047 1316 1164 1380 rectius
1183 1314 1258 1381 alibi
1274 1339 1281 1379 :

167 1469 179 1492 ο
196 1438 253 1500 Est
264 1437 349 1500 inter
361 1436 486 1500 'sarain
503 1435 655 1524 quiddam
671 1459 881 1525 socerumque
899 1436 1011 1503 Viselli
1025 1469 1048 1504 ν.

211 1559 289 1624 Fab.
317 1581 372 1646 92,
400 1583 448 1625 12.
469 1559 518 1625 De
535 1560 599 1625 hoc
616 1582 710 1626 versu
733 1583 774 1625 an
796 1561 836 1624 sit
859 1561 1034 1626 Babrisnus
1049 1561 1285 1628 dubitationem

167 1699 261 1772 auget
282 1679 363 1747 illud
389 1683 491 1772 ipsum
515 1683 718 1772 participium
740 1670 999 1772 ἐπιδεικνυμένους
1019 1685 1060 1750 ab
1074 1684 1286 1751 affabulatore

167 1807 316 1895 prosaico
328 1806 509 1872 adhibitum
521 1805 548 1871 F
550 1856 557 1870 .
577 1828 647 1872 121.

212 1931 290 1995 Fab.
306 1953 361 2018 97,
384 1952 433 1996 12.
451 1929 582 2013 Versus,
596 1946 633 1993 ut
641 1920 735 1994 'fuita
754 1929 883 1995 librario
898 1933 1046 2019 scriptus,
1064 1947 1113 1997 est
1127 1931 1283 1997 iambicus

169 2055 332 2144 politicus,
350 2078 444 2145 quem
456 2056 490 2119 in
507 2053 756 2119 cbolismbieum
773 2055 1006 2119 mutationibus
1029 2078 1094 2118 non
1117 2056 1284 2144 improba·

169 2180 287 2244 bilibus
299 2180 451 2244 converti.
469 2180 534 2261 Qui
549 2177 698 2243 Babrium
714 2178 849 2242 mulmm
871 2180 1016 2260 versavit,
1038 2178 1153 2244 Suidas
1166 2201 1285 2244 nomen

170 2304 338 2391 μαγειρεῖυν
355 2302 490 2368 inseruit
503 2302 632 2367 Lexico.

205 2427 290 2499 Bab.
303 2425 358 2514 98,
377 2449 403 2490 1.
421 2429 458 2507 A,
474 2420 595 2514 ὡραίας·
611 2426 730 2514 Scripsi
754 2421 876 2513 ὡραίης,
894 2448 1018 2490 memor
1032 2425 1161 2490 Fabulae
1174 2446 1229 2511 91,
1248 2448 1283 2507 ι,
1339 2460 1344 2471 ·
1398 2436 1401 2441 ·

170 2550 225 2637 95,
251 2573 303 2637 19,
319 2551 375 2615 ubi
397 2546 556 2638 ίρημαίην,
575 2551 651 2615 Fab.
667 2550 725 2636 95,
747 2574 774 2632 1,
797 2551 852 2616 ubi
870 2544 1009 2638 πετραίη,
1025 2551 1103 2616 Fut.
1117 2547 1171 2632 86,
1187 2574 1217 2634 1,
1230 2551 1287 2616 ubi

170 2668 300 2762 ἀρχαίη,
317 2674 397 2738 Fab.
419 2672 491 2749 108,
512 2674 575 2754 253
600 2694 674 2759 109,
696 2671 736 2752 33
754 2695 791 2737 ac
812 2672 974 2737 similium.
991 2671 1029 2736 ln
1046 2671 1167 2736 Fubuls
1183 2693 1238 2754 22,
1255 2667 1287 2751 8,

170 2799 311 2886 recipere
340 2797 522 2862 debuissem
545 2789 674 2885 ἁκμαίη,
708 2819 766 2885 pro
800 2797 937 2861 lectione
965 2796 1086 2860 codicis
1120 2817 1157 2859 ac
1180 2794 1286 2860 suidas

172 2914 302 3008 ἀκμαία,
320 2917 466 3009 illudque
479 2921 633 2985 rescribat
651 2921 804 2985 lectorem
818 2942 913 3009 rogo,
926 2936 958 2983 et
972 2920 1048 2984 Feb.
1063 2941 1119 3006 72,
1135 2940 1187 3001 21,
1201 2902 1286 2988 Ᾱθη·

171 3039 238 3113 ναίη
256 3068 315 3134 pro
330 3028 479 3112 Ᾱθηναίοι.

217 3168 294 3258 Pag.
317 3167 392 3249 208,
413 3191 442 3231 v.
459 3166 490 3231 3.
509 3171 547 3248 Α,
562 3163 631 3253 πρὶν
654 3162 736 3228 πότ’.

216 3294 294 3357 Fab.
323 3264 393 3357 i15.
423 3290 565 3356 Indicari
587 3289 818 3357 conferendum
845 3290 987 3353 Knochii
1008 3289 1123 3377 fragm.
1148 3288 1203 3372 30,
1221 3311 1287 3354 non

174 3413 260 3501 quod
271 3415 463 3479 Rubrianum
475 3436 545 3479 esse
557 3411 735 3494 crederem,
749 3410 805 3477 sed
820 3411 1039 3476 illustrationis
1051 3425 1173 3475 tentum
1185 3434 1285 3476 cause.
1342 3418 1345 3423 ⁴

218 3538 295 3603 Fab.
318 3537 391 3619 115,
418 3560 445 3602 1.
468 3535 792 3604 Animadvertendum
809 3552 856 3600 est
880 3535 921 3600 de
937 3533 1031 3603 Μηνᾶ
1046 3536 1229 3620 conjectura
1240 3534 1287 3595 λι-

175 3654 294 3748 μναίαις
314 3684 382 3726 esse
394 3656 550 3748 λιμναίους
567 3660 600 3723 in
618 3659 728 3724 eadem
746 3681 852 3723 versus
866 3656 941 3723 sede
957 3660 990 3722 F.
1008 3662 1061 3740 24,
1079 3659 1107 3724 3.
1178 3674 1182 3685 '

219 3783 294 3848 Fab.
317 3807 389 3867 121,
414 3809 440 3848 r.
468 3789 508 3866 Α,
528 3780 606 3870 ὄρνις
623 3778 705 3845 πότ’·
798 3856 800 3860 ,
