3300 5272
737 397 885 459 ΒΛΒΙΗΙ
919 396 1102 459 Fatuus
1135 400 1369 464 ext-vat.
1560 415 1612 465 125

1006 777 1112 845 LXV.

872 1068 992 1129 GRUS
1023 1071 1080 1130 ET
1110 1072 1234 1131 Pavo.

542 1386 626 1454 Grus
641 1388 768 1454 cinerea
784 1387 931 1454 formoso
947 1394 1064 1479 pavoni
1080 1389 1313 1465 contendebat,
1332 1411 1443 1455 aureas
1458 1392 1615 1476 jactitasti

498 1530 630 1598 pennas.

542 1664 553 1686 κ
569 1639 629 1698 Ast
650 1655 709 1722 ego
732 1634 821 1700 hisee
837 1667 849 1691 ·
867 1633 948 1699 dixit
975 1658 1066 1725 grus,
1091 1665 1104 1691 ι
1120 1656 1257 1722 quarum
1282 1648 1317 1698 tu
1331 1635 1435 1723 carpis
1453 1635 1616 1716 colorem,

499 1759 587 1824 «alis
609 1761 756 1849 proxima
782 1761 868 1828 feror
894 1756 1071 1842 sideribus,
1097 1761 1305 1848 crocitoque3
1330 1759 1409 1824 dum
1434 1776 1487 1841 tu,
1515 1760 1617 1849 gallus

499 1882 574 1946 ·uti
589 1883 801 1971 gallinaceus,
828 1884 1030 1972 permisistis
1055 1885 1208 1949 inauratis
1231 1884 1322 1947 humi
1347 1882 1474 1972 plaudis
1500 1883 1616 1965 latera,

499 2037 511 2061 ι
528 2029 633 2095 neque
648 2029 775 2071 sursum
788 2037 802 2062 υ
816 2007 879 2088 ait,
898 2037 911 2065 a
926 2007 1033 2072 evolas
1048 2039 1072 2071 ι.

542 2126 675 2191 Movere
689 2125 935 2193 admirationem
954 2129 1044 2194 tenui
1061 2132 1210 2196 mavelim
1235 2134 1267 2194 in
1288 2132 1435 2220 paenula,
1463 2154 1559 2219 quarn
1584 2133 1615 2192 iu

498 2266 586 2315 veste
600 2249 768 2339 splendida
782 2253 889 2317 virere
906 2254 1074 2343 inglorius.

692 3146 814 3206 HOMO
844 3145 958 3206 DUAS
989 3139 1221 3204 Mta'rtcss
1252 3138 1430 3199 restas.

545 3536 594 3602 De
608 3536 676 3602 deis
690 3559 773 3601 unus
788 3530 999 3600 Prometheus
1010 3532 1087 3614 fuit,
1107 3532 1139 3598 et
1156 3531 1197 3597 de
1214 3529 1409 3619 primoribus
1424 3525 1531 3589 etiam.

501 3990 623 4054 tumenti
633 3987 742 4039 omissio.
752 3985 856 4038 vidend
868 3983 925 4036 Feb.
939 3988 979 4048 3³,
996 3989 1034 4046 ¹5;
1119 3982 1175 4033 Fah.
1186 3986 1266 4032 txvl.
1287 3981 1357 4032 cans.
1381 3984 1468 4042 corax.
1488 3976 1546 4029 rab.
1565 3981 1622 4040 337,

502 4067 704 4129 ⁶²,21tiruerit
722 4080 737 4116 a
752 4065 838 4116 Bebrio
848 4065 962 4130 βόσκοντι
977 4062 1036 4113 scri·
1088 4077 1115 4127 p,
1136 4066 1192 4123 att,
1207 4065 1263 4121 2223
1278 4058 1447 4110 stobaeusrit.
1466 4062 1505 4120 2³,
1519 4064 1545 4120 ος
1562 4063 1622 4108 'rw-

503 4147 583 4210 ptum,
592 4144 659 4208 quod
680 4142 812 4194 mutaverit
827 4142 923 4205 sumas,
933 4139 976 4205 qui
994 4153 1035 4190 vo·
1087 4140 1206 4192 taeschss.
1215 4144 1240 4200 9,
1248 4143 1306 4201 9423
1317 4137 1434 4188 rtaedrus
1446 4141 1471 4201 t,
1483 4144 1520 4190 1⁰.

502 4219 576 4270 luerit
585 4217 731 4269 mamutium
748 4215 998 4282 pmserreintegrem,
1011 4218 1037 4266 et
1102 4239 1104 4242 >
1122 4224 1142 4269 t.
1159 4223 1191 4281 A,
1205 4217 1286 4281 jungit
1296 4220 1344 4266 τῶν
1364 4216 1464 4281 πρώτων
1481 4217 1570 4266 Τοῦτον
1572 4250 1621 4265 .....

503 4297 659 4349 esmbrerts.
1090 4297 1243 4362 Distingusre
1262 4295 1334 4349 aliter
1353 4296 1435 4347 risum
1462 4296 1500 4346 est
1517 4307 1623 4346 neeessa-

534 4378 557 4424 t.
573 4373 765 4426 remearem
775 4374 893 4438 scriptum
902 4374 991 4438 κρώζω.
1090 4377 1162 4426 rium.
