3300 5272
562 491 897 541 ιιιιιοιατιιοιεσιοι.
1164 477 1229 547 183

219 626 271 688 ότι
290 625 324 690 ού
342 624 384 713 μὴ
403 624 533 715 ἐπιχαρῇ
547 626 564 688 ό
576 618 681 713 ἐχθρός
700 644 758 713 μου
775 621 825 709 ἐπ’
843 619 896 712 ύμί
908 606 932 661 ¹·
947 627 967 696 ἡ
983 620 1118 713 ῥομφαία
1133 580 1232 690 αύπῶν

221 745 348 813 εἰσελθοι
369 744 410 826 εἰς
431 744 486 824 τὰς
500 735 629 841 καρδίας
642 748 753 829 αὐτῶν,
770 745 823 811 καὶ
841 742 881 812 τὰ
900 738 979 822 τόξα
1001 747 1101 813 αύτῶν
1118 771 1234 840 συντρι·

221 865 288 944 ῶείη
298 860 320 912 ²·
336 870 385 938 σοὶ
402 866 460 965 γὰρ
474 877 519 955 τῷ
536 863 625 950 ζῶντι
636 872 705 958 Θεῷ
720 871 776 964 ολη
791 866 874 964 ψυχῇ
887 868 939 937 καὶ
954 860 1067 963 καρδίᾳ
1082 859 1235 963 ἐμαυτὴν8

223 993 399 1061 ἀνατέθεικα
419 980 443 1063 ²⁸.
473 995 601 1072 Τούτοις
625 992 800 1086 χρησαμένη
831 999 897 1071 τοὶς
924 995 1029 1071 ὅπλοις
1059 989 1143 1061 κατὰ
1179 1003 1235 1060 τοῦ

223 1108 417 1209 πειραῖοντος
434 1124 453 1194 ἡ
471 1114 614 1212 γενναία,
636 1113 706 1185 εἶτα
719 1116 824 1185 καὶτὸ
838 1123 903 1195 τοῖς
924 1116 1039 1209 ἐχθροῖς
1057 1117 1234 1186 σἰνυπόστα-
1314 1136 1319 1145 ’

224 1263 278 1305 τον
293 1243 332 1308 τὸ
348 1250 405 1308 τοῦ
421 1249 553 1334 σταυροῦ
573 1245 696 1332 σημεῖον
716 1228 828 1328 αύτῷ5

856 1242 1016 1330 ἐπαφεῒσα,
1035 1239 1159 1334 αἰσχύνῃ
1179 1265 1235 1307 κα·

220 1357 395 1457 λυψοίμενον
413 1364 466 1431 σὺν
485 1370 591 1451 πολλῷ
610 1370 656 1446 τῶ
675 1355 735 1431 δίει
753 1356 881 1442 ἐξήλασε
899 1364 936 1431 τὸ
961 1355 1128 1457 δαιμόνιον.

275 1473 451 1558 Επανελθὸν
469 1480 505 1557 δὲ
521 1490 595 1583 πρὸς
621 1488 796 1580 Κυπριανὸν
820 1491 913 1556 ἐκεῖνο
931 1490 1079 1580 ᾐσχύνετο
1107 1489 1160 1580 μὲν
1180 1491 1236 1564 τὴν

222 1617 324 1688 ἥτταν
350 1619 559 1709 ὁμολογῆσαι,
582 1615 636 1682 καὶ
662 1613 781 1691 πολλὰς
807 1612 929 1680 ἑλίττον
954 1609 1094 1699 πλοκὰς,
1118 1617 1235 1688 ταύτην

221 1725 290 1833 ᾔειῦ
313 1737 454 1823 κᾴκείνην
467 1736 744 1832 μετατρεπόμενον,
757 1738 951 1829 ἐρωτώμενον
962 1726 997 1802 δὲ
1008 1737 1091 1828 ὅμως
1104 1732 1237 1826 ἀκριύῶς

222 1862 570 1957 καῖλεπτολογούμενον
593 1849 712 1955 (καίτοι
732 1850 914 1951 ψιλοψιυδὲς
932 1856 964 1926 ὂν
984 1858 1035 1926 καὶ
1054 1832 1128 1929 οἷκον
1146 1859 1237 1953 φιλοί-

200 2020 209 2036 1
222 1985 311 2065 ληθες
321 1974 453 2081 γίνεται)
468 1985 521 2054 καὶ
533 1994 667 2079 φανερῶς
680 1985 864 2052 ἐκκαλύπτει
875 1979 892 2049 ό
904 1981 974 2049 λίαν
989 1984 1132 2075 κρύπτειν
1146 1977 1237 2059 η’όσύ·

221 2115 307 2179 λιτο.
326 2103 420 2181 Εἷδόν
434 2098 488 2177 τιἹ
516 2114 654 2203 σημεῖον,
668 2106 797 2213 εἰρηκδς,
814 2108 868 2176 καὶ
894 2106 1022 2202 ἰσχυρῶς
1040 2099 1165 2200 ἔφριξα,
1184 2108 1236 2174 καὶ

223 2236 280 2308 την
308 2233 420 2328 ἐκείνου
446 2226 574 2327 δύναμιν
597 2235 657 2325 οὐχ
681 2235 828 2307 ὑπέστην.
853 2234 965 2311 Ούτυς
987 2228 1038 2299 οὖν
1059 2236 1153 2300 ἐκεῖνο
1179 2257 1237 2300 κα-

224 2346 431 2452 ταγνωοῶὲνδ,
450 2360 549 2452 ἔτερος
566 2356 679 2427 αὐτίκα
695 2349 816 2450 δαίμων
833 2362 1065 2450 μετακαλεῖται,
1081 2356 1161 2424 πολὺ
1179 2365 1236 2424 τοῦ

223 2484 373 2575 προτέρου
395 2469 456 2550 τὸο
487 2472 587 2549 δοκεῖν
619 2471 878 2576 δραστικῶτερος.
906 2481 971 2549 Καὶ
981 2468 1008 2510 ¹⁰
1035 2477 1067 2558 ὃς
1096 2480 1235 2548 ἀπελθὼν

224 2603 334 2672 αὐτίκα
347 2601 390 2672 τὰ
401 2606 491 2697 ύμοια
509 2597 644 2699 δριίσας,
662 2611 730 2685 τοῖς
749 2604 865 2697 ὁμοίοις
883 2605 990 2683 ὅπλοις
1008 2596 1183 2695 ἑξεκρούιτό
1200 2628 1236 2672 τε

221 2738 275 2797 καὶ
286 2729 501 2823 ἀπεπέμπετο·
511 2728 564 2796 καὶ
577 2732 623 2819 τῷ
635 2724 794 2822 πέμψαντι
809 2727 878 2821 μετ’
892 2725 1037 2819 αἰσχύνης
1049 2727 1234 2819 παρίστατο.

222 2839 287 2923 Ἐπὶ
301 2855 421 2933 τούτοις
436 2853 530 2933 αὐτὸς
551 2863 651 2944 παρῆν
676 2857 694 2921 ὁ
710 2855 811 2942 πατήρ
830 2876 866 2936 τε
891 2852 944 2920 καὶ
961 2847 1064 2944 ἅρχων
1083 2862 1144 2920 τῶν
1166 2844 1234 2920 δαι-

222 2976 323 3069 μόνων
342 2970 417 3044 εἶναι
432 2975 617 3071 λεγόμενος·
642 2972 675 3056 ύς
689 2980 753 3055 τοῖς
776 2974 831 3067 μὲν
848 2974 998 3065 πρότερον
1023 2974 1236 3066 ἕκπεμρθεῒσιν

221 3101 338 3176 ήπειλει
347 3100 483 3187 κόλασιν,
495 3095 546 3167 οἷα
559 3098 602 3192 μὴ
615 3107 763 3193 τεχνικῶς
774 3088 840 3191 μηδ
844 3103 850 3123 ’
863 3087 1043 3176 ἐπιτηδείως
1057 3096 1126 3190 περὶ
1140 3108 1236 3167 τοῦτο

223 3214 462 3317 διαγινομένοις,
480 3229 521 3301 ιἐς
538 3227 633 3311 ᾤετο·
648 3214 806 3301 πλεονάζει
822 3218 881 3316 γὰρ
908 3229 974 3300 τοῖς
986 3206 1011 3251 ¹¹
1030 3211 1158 3315 δαίμοσι
1172 3230 1233 3290 τῶν

223 3344 324 3415 ἄλλων
342 3356 444 3413 κακῶν
465 3346 501 3412 τὸ
514 3340 691 3426 ἀλαζονικὸν
709 3341 761 3413 καί
779 3344 985 3438 μεγάλαυχον.
1013 3342 1180 3439 Κυπριανῷ
1199 3338 1235 3413 δὲ

259 3683 281 3729 1.
299 3678 381 3742 Ψαλμ.
398 3681 434 3739 μ’,
444 3677 487 3741 ιβ’.
769 3679 794 3727 7.
812 3674 901 3737 Deest,
912 3673 943 3728 Ε.

257 3766 280 3812 ².
297 3762 382 3824 Ψαλμ.
395 3759 458 3821 λσιί,
472 3760 508 3811 ιε’.
767 3763 794 3810 8.
811 3758 922 3810 Ἐκείνου
945 3761 1177 3824 καταγνωσθέντος,
1199 3763 1232 3816 D.

256 3850 282 3897 3.
297 3844 413 3905 Ἐιιυπὴη
423 3845 453 3896 Β.
734 3841 766 3895 1³.

256 3932 281 3980 ⁴.
298 3928 456 3994 Ἀνατίοηκα,
485 3929 515 3986 Β,
534 3928 565 3981 Ε.
575 3955 607 3967 -
620 3929 697 3981 Ἀντί·
768 3931 795 3980 9.
812 3927 865 3991 Τῷ,
873 3928 903 3980 C.
915 3927 942 3979 E.
954 3928 983 3981 1³.

222 4012 339 4074 fimo
755 4010 1046 4065 mmmmss

257 4104 281 4148 5.
298 4093 391 4154 Αύτοῦ,
403 4095 435 4148 D.
756 4100 796 4149 ¹1.
814 4095 900 4159 ὓεεεῑ,
912 4096 940 4149 Ε.

257 4188 281 4230 6.
301 4176 357 4240 Εἴη,
366 4179 396 4232 B.
407 4179 434 4230 F.
