3300 5272
375 413 421 483 96
682 429 826 480 curamur
853 431 1072 489 accensisque

394 585 546 635 MINUTIUS
565 585 670 632 FELIX.
787 583 967 632 cruciamus,
1091 582 1338 630 TERTULLIANUS.

372 737 412 787 et,
443 744 466 777 or
490 730 556 775 Duos
579 741 696 774 nnnnsrn.
713 741 777 772 runa
790 727 857 773 Dono
869 723 890 783 Ι,
905 732 931 774 ct
945 723 1041 774 siDros
1054 723 1130 773 dicem
1151 739 1247 791 quoque
1264 730 1380 773 contesta-

372 801 444 866 Vutgi
459 802 503 851 istc
516 800 629 850 naturalis
645 815 697 848 ser·
714 784 827 848 omnum.
848 804 928 865 Atque
943 797 995 849 hoo
1006 809 1040 848 est
1056 799 1095 838 mr
1110 790 1192 850 illum,
1210 794 1277 839 litus
1295 804 1379 846 vum,
1482 860 1486 870 .

374 892 413 926 mo
436 885 487 940 est,
518 892 548 924 an
570 873 697 926 Christiani
715 888 806 922 summa
843 872 939 933 delicti,
976 875 1040 924 noiie
1056 864 1080 904 ⁰¹
1105 860 1158 906 ⁰²⁰
1178 870 1331 911 mmm·
1355 863 1381 902 ⁶²

372 951 507 1021 confitentis
515 950 609 1002 oratio?
714 962 840 1012 agnoscere
851 963 923 1012 quem
932 949 1041 1015 ignorare
1056 926 1121 998 ⁰²¹&
1144 939 1204 970 ”¹⁸¹
1226 937 1331 971 ΗΜ·
1358 924 1381 970 0

405 1027 660 1083 reurr-
715 1022 859 1088 οοηοοη
1009 1053 1381 1110 t

745 1099 784 1145 De
808 1095 929 1146 idolorum
953 1109 1040 1157 court,
1056 1120 1128 1185 nique
1147 1122 1304 1186 pronuntians
1321 1117 1380 1176 hec,

715 1175 773 1221 Vffl
783 1175 862 1221 ‘ffl-
1055 1202 1102 1235 non
1115 1186 1144 1235 ad
1158 1185 1322 1252 Capitoiium,
1338 1184 1379 1234 sed

1054 1251 1083 1301 ed
1093 1253 1178 1302 ratum
1188 1251 1297 1319 raspici13
1314 1251 1382 1301 novit

1054 1319 1117 1368 euim
1144 1317 1223 1368 sedem
1250 1317 1295 1367 nei
1318 1316 1380 1375 risi;

1053 1385 1084 1433 ab
1091 1386 1142 1446 iilo,
1154 1393 1176 1434 et
1186 1382 1379 1434 indedescendit.

1086 1449 1198 1517 Apolog.‚
1210 1466 1233 1501 c.
1245 1451 1317 1500 xvu
1325 1452 1346 1499 ¹.

806 1753 955 1777 “000’-

417 2017 494 2086 Jam
510 2035 605 2099 vero,
626 2037 706 2085 cum
721 2024 757 2086 et
774 2014 900 2085 virtuto
916 2025 951 2085 et
965 1988 1111 2085 scientia
1124 2036 1159 2085 et
1177 2015 1382 2086 auctoritate

370 2138 459 2210 inter
471 2159 553 2210 suos
569 2138 737 2210 emineret
752 2138 956 2234 Cyprianus,
976 2137 1255 2234 presbyterorum
1269 2138 1305 2209 in
1319 2159 1384 2208 nu-

319 2255 326 2269 ’
373 2284 507 2335 merum
524 2285 645 2335 recens
665 2275 883 2360 aggregatus,
905 2261 1221 2360 Carthaginiensem
1240 2263 1281 2334 ad
1306 2261 1384 2357 epi-

377 2397 556 2483 scopatum
568 2389 698 2479 judicio
716 2390 777 2459 Dei
793 2400 825 2459 et
833 2373 939 2480 plodio
954 2388 1083 2478 favore,
1096 2388 1208 2483 inquit
1225 2388 1380 2477 Pontius,

377 2510 574 2608 neophytus
602 2510 693 2601 licet,
715 2510 842 2584 electus
864 2512 943 2601 fuit,
965 2534 1055 2584 anno
1068 2512 1162 2584 circa
1179 2512 1380 2599 CCXLVIH,

377 2645 417 2708 ut
436 2632 654 2730 opinantur³.
679 2636 768 2707 Tum
782 2635 938 2709 Ecclesia
952 2636 1115 2709 Africana
1136 2647 1240 2732 caput
1261 2658 1283 2706 a
1299 2646 1385 2707 tem-

377 2769 507 2855 pestate
521 2760 656 2855 erigens
672 2781 759 2855 pace
770 2757 954 2832 videbatur
967 2759 1126 2833 imitura.
1140 2763 1268 2832 Pacata
1282 2758 1387 2855 igitur

376 2882 564 2976 provincia,
591 2884 717 2954 Donati
740 2884 868 2955 mortui
896 2884 932 2955 in
949 2883 1066 2957 locum
1084 2884 1270 2958 Christiani
1287 2881 1384 2954 illurn

377 3002 626 3101 subrogarunt3
642 3014 677 3077 at
689 2982 844 3078 munima
860 3005 1025 3103 praeditus
1043 3007 1223 3095 modestia,
1240 3018 1275 3078 et
1292 3036 1306 3070 r
1326 3028 1387 3077 on·

377 3126 582 3224 tiquioribus
600 3127 728 3201 cadens
747 3161 778 3218 s,
799 3140 932 3202 atanto
950 3153 1092 3203 munere
1108 3131 1302 3204 abhorruit.
1319 3126 1386 3201 Sed

382 3251 593 3327 «obsederat
621 3254 714 3326 iores
742 3253 867 3327 domus
898 3255 1038 3352 copiosa
1067 3253 1265 3327 fraternitas
1283 3285 1325 3345 ”3
1345 3276 1386 3325 ac

378 3377 517 3451 tandem
535 3379 629 3475 cepit
652 3379 778 3451 invitus
795 3376 999 3477 dignitatem
1018 3402 1122 3476 quam
1141 3378 1255 3469 iactis,
1278 3379 1388 3474 scrip·
1456 3406 1460 3413 ·

412 3615 435 3661 t.
455 3607 569 3674 Huiusce
580 3606 655 3659 serbi
671 3609 743 3666 Quod
757 3609 815 3660 vult
825 3611 894 3659 Deus
906 3622 986 3661 usum
998 3608 1068 3660 Afris
1076 3622 1169 3660 carum
1180 3607 1261 3660 tuisse
1269 3619 1389 3673 compro·

376 3689 441 3743 hunt
452 3690 601 3744 multorum
616 3694 769 3760 martyrum
780 3693 853 3752 Quod
863 3682 920 3745 cult
931 3697 1000 3745 Deus
1010 3692 1039 3744 in
1050 3693 1209 3761 pervetustis
1227 3691 1388 3761 martyrolo-

375 3773 427 3841 gris
445 3774 553 3827 nomina
571 3777 598 3827 et
614 3774 818 3842 quatuordecem
831 3776 943 3845 episcopi
960 3776 999 3829 sic
1010 3777 1105 3831 vocati.
1125 3775 1203 3845 Apud
1224 3774 1306 3828 Shaw
1320 3776 1388 3828 Saxo

375 3858 529 3912 inscribitur
540 3858 686 3928 etquidem
697 3861 770 3921 Quod
782 3862 840 3913 vult
850 3865 931 3924 Deus,
942 3864 962 3913 t.
972 3861 992 3924 1,
1005 3874 1032 3929 p.
1043 3867 1101 3914 232.

409 3952 434 3997 2.
450 3942 551 3999 Cinna
564 3947 721 3997 Testtrwoto
734 3949 842 4011 arinca,
850 3944 900 3997 lib.
914 3960 944 4006 ιι,
956 3949 984 3997 et
994 3944 1027 3999 de
1036 3950 1182 3998 flmarrcct.
1192 3959 1279 4011 com,
1291 3959 1349 4012 rap.
1362 3951 1388 3997 3.

410 4032 435 4079 ε.
461 4028 498 4080 Ex
522 4026 618 4082 littoris
638 4028 679 4082 LV
696 4026 768 4081 anno
786 4030 869 4082 ccun
888 4028 994 4098 seriptis
1013 4028 1112 4096 quibus
1128 4027 1194 4083 dicit
1210 4042 1265 4082 sese
1292 4027 1388 4098 «plebi

376 4125 431 4163 sua
444 4112 471 4164 in
483 4112 633 4181 episcopatu
645 4112 820 4181 quadriennio
830 4112 886 4179 jam
897 4113 1038 4181 pmbatum
1049 4127 1114 4166 esse.
1128 4136 1141 4159 ν
