3300 5272
453 467 605 528 nium!
635 467 805 528 FABULA
839 463 1011 527 Lxxxvt.
1229 476 1281 528 161

165 653 179 678 «
195 622 250 688 des
266 656 296 707 ν,
311 627 433 714 inquit,
453 625 634 709 «adversus
652 628 761 692 hostes
787 628 903 715 quibus
927 643 1002 692 sunt
1025 628 1110 692 inter
1124 650 1159 692 se
1173 643 1287 693 cuneta

169 783 181 805 «
196 751 380 816 eommunia
395 752 433 816 i?

212 871 393 936 Concordia
408 894 573 936 summum
587 887 635 937 est
648 873 840 937 mortalibus
858 873 982 938 bonum
994 898 1002 956 3
1024 872 1112 961 quod
1134 897 1213 938 vero
1227 873 1292 938 dis·

169 1020 260 1079 cors,
275 997 382 1063 debile
397 1013 445 1062 est
460 1021 497 1063 ac
513 1021 648 1062 servum.

634 1403 827 1472 LXXXVI.
908 1396 911 1403 ’

511 1678 710 1754 ,ἨΗᾸἸΞΒ
741 1678 944 1743 turturi.

231 2044 347 2104 Caram
365 2041 509 2106 radicem
531 2041 625 2132 fagus
653 2043 794 2108 habebat
812 2043 953 2132 antiqua.
982 2043 1032 2107 lbi
1050 2045 1179 2129 jacebat
1204 2043 1308 2108 lacera

187 2184 324 2270 caprarii
341 2206 435 2272 pera,
459 2199 528 2248 tota
543 2203 663 2271 panum
676 2185 901 2248 hesternorum
915 2200 946 2248 et
962 2183 1106 2247 carnium
1124 2182 1229 2271 plena.

234 2325 342 2407 Quam
365 2350 463 2392 cursu
489 2329 600 2417 vulpes
625 2327 775 2409 subiens,
800 2343 915 2392 cuncta
932 2325 1113 2409 devoravit3
1137 2349 1174 2391 ac
1187 2341 1311 2405 venter,

191 2482 228 2530 ut
245 2491 302 2555 par
320 2484 403 2550 erat,
422 2469 588 2534 intumuit.

237 2611 335 2673 Arcto
351 2632 452 2696 quum
472 2612 541 2696 jam
566 2632 633 2673 non
660 2626 771 2698 posset
796 2611 883 2674 exire
910 2609 1086 2690 foramine,
1114 2608 1226 2697 vulpes
1251 2609 1312 2673 alia

193 2771 264 2835 quae
289 2767 518 2839 supervenerat
552 2751 702 2837 ejulanti,
739 2753 969 2839 «Exspecta»,
1009 2749 1161 2815 cavillans
1191 2750 1313 2836 inquit,

194 2890 345 2955 «tamdiu
372 2891 449 2956 dum
478 2893 616 2974 esurias3
646 2916 705 2957 nec
730 2894 819 2982 prius
849 2891 1022 2982 egredieris
1047 2914 1142 2978 quum
1166 2890 1236 2955 talis
1260 2888 1315 2953 fiat

195 3062 207 3086 a
224 3047 336 3095 venter
351 3032 428 3113 tibi,
444 3031 548 3119 qualis
563 3032 758 3121 ingredienti
774 3031 836 3096 fuit
851 3062 871 3095 ν.

243 3303 363 3369 Suadet
380 3306 489 3370 sabula
503 3324 539 3371 ut
553 3330 650 3372 nemo
676 3309 810 3371 omnino
828 3323 929 3371 tentet
948 3307 1131 3395 praeceiiere
1149 3308 1316 3395 proximo,

198 3466 317 3531 gnarus
330 3445 453 3511 scilicet
466 3471 573 3512 rerum
596 3450 692 3513 ardua
708 3449 794 3514 diem
813 3449 929 3521 delere.

229 3863 255 3913 ’6.
273 3865 392 3930 Tuumne)
405 3863 461 3914 vid.
474 3877 499 3913 n.
515 3862 547 3914 ed
564 3864 622 3914 Feb.
641 3869 682 3927 ³1,
698 3869 733 3915 17.
789 3867 873 3916 codice
886 3870 943 3916 2991
962 3867 1086 3917 Atranoee
1097 3880 1103 3914 ε
1115 3866 1184 3916 utun
1194 3866 1260 3930 δρυὸς
1271 3884 1320 3916 πει-

199 3942 247 3993 Dio
257 3945 346 4007 chrys,
357 3945 374 3994 1.
384 3945 401 3994 Ι.
413 3947 441 4003 εὴ
453 3944 558 4007 ἀλώπηξ,
568 3951 736 4008 καταφαγοῦσα
788 3948 846 3995 νῶσ’
854 3945 950 4003 ἀλώπηξ
964 3947 1053 3995 elutus·
1064 3946 1107 4007 Ἣ,
1124 3946 1181 4010 πρὸς
1191 3945 1261 4010 κόραν
1279 3964 1320 4010 φα·

201 4025 231 4072 τὰ
251 4025 321 4088 κρέα,
341 4026 386 4074 οὐκ
409 4025 507 4075 ἐδύνατο
527 4025 624 4083 ἐξελθεῖν
649 4026 676 4074 ἐκ
695 4032 736 4085 τῆς
789 4029 863 4088 γοῡσα
879 4029 934 4072 σῖτα
949 4025 1072 4087 ποιμένος,
1088 4025 1164 4074 Οὔπω
1178 4026 1321 4090 προκύπτειν

201 4103 268 4167 δρυὸς
290 4104 329 4152 διὰ
354 4105 383 4153 τὸ
412 4105 582 4167 ἰμπλησθῆναι,
610 4105 735 4165 Reiskiue,
788 4103 858 4166 εἶχεν.
876 4103 936 4150 Εἶτα
947 4103 1005 4166 φησί
1015 4117 1057 4158 τις·
1072 4105 1174 4160 «θέλεις
1188 4107 1320 4170 πραιλθεῖη

204 4181 314 4240 ignorato
331 4180 378 4230 loci
400 4181 479 4242 fonte,
501 4182 573 4237 vaide
590 4181 735 4244 impeditur,
789 4184 870 4244 ὥσπερ
878 4181 982 4239 εἰσῆλθες
990 4186 1088 4243 γενοῦ».
1102 4187 1155 4231 imo
1163 4183 1239 4247 γίνου,
1252 4190 1280 4237 ut
1289 4189 1322 4237 eit

204 4259 406 4308 necseextricat.
542 4268 544 4273 ·
789 4261 815 4310 in
824 4263 938 4310 consuete
949 4259 1041 4322 syllaba
1052 4263 1136 4313 tonus.

239 4347 275 4389 ιο.
296 4340 394 4390 Fabulae
412 4340 514 4402 lutatii,
532 4353 607 4404 quem
627 4341 739 4390 exhibuit
821 4339 1024 4391 maruntium
1040 4346 1122 4406 potest
1140 4348 1270 4399 eonvenire
1289 4349 1323 4399 su·

207 4423 323 4482 cornuue,
344 4420 415 4470 aliem
433 4421 511 4483 reneri
528 4419 694 4471 recensionem
712 4420 737 4469 in
791 4418 865 4482 bule,
876 4430 925 4469 non
937 4419 1003 4471 huie.

1132 4548 1155 4587 H
