3300 5272
418 486 481 556 132
723 500 868 552 errarint
893 501 931 549 ar
957 486 1114 551 socruum

410 636 509 733 ligat.
535 635 608 708 Nos
633 632 803 725 igiturex
826 628 918 701 illius
942 629 1038 701 fonte
1060 640 1226 725 quantum
1253 627 1422 703 ridebitur

412 759 628 847 lrauriemus3
646 779 688 830 ea
709 753 842 827 scilicet
855 777 937 851 qua
951 752 997 824 ad
1016 752 1105 827 bene
1117 752 1301 827 vivendum
1324 777 1421 850 spec-

410 897 498 973 tant,
508 906 586 980 qua
594 905 708 955 mores
715 879 890 954 declarant
901 891 937 952 et
945 903 1045 969 usus,
1061 880 1281 977 attingemus,
1296 879 1423 977 quippe

412 1034 490 1110 quae
506 1021 542 1082 et
558 1008 738 1081 hominum
757 1016 890 1080 mentes
910 1003 1105 1094 ostendant,
1126 1028 1190 1079 nec
1208 1003 1422 1104 jucunditate

411 1145 551 1209 careant
568 1145 604 1206 et
620 1132 779 1205 utilitate.

445 1265 548 1334 -Cum
573 1261 681 1357 igitur
704 1258 842 1332 floreret
865 1256 1090 1331 litbnioorum
1120 1255 1254 1355 religio,
1271 1280 1423 1354 praeser-

412 1387 475 1459 tim
509 1385 810 1482 superstitionibus
847 1382 988 1455 infinitis
1023 1381 1248 1457 abundabant
1286 1384 1424 1457 scenica

413 1512 631 1610 spectacula3
666 1510 748 1583 hinc
776 1509 858 1583 licet
892 1531 1054 1583 curarum
1076 1506 1172 1581 mole
1196 1506 1331 1595 obruti,
1363 1507 1422 1604 qui

412 1641 501 1711 inter
512 1638 717 1711 christianos
729 1637 810 1707 ritae
822 1637 914 1707 siam
931 1633 1274 1721 monstrabant,suos
1285 1658 1308 1705 a
1319 1656 1424 1709 scena

413 1761 587 1835 deterrere
608 1782 788 1855 nunquam
806 1760 946 1831 omuino
968 1758 1203 1853 neglexerunt.
1226 1758 1322 1832 Nihil
1340 1782 1425 1833 sane

414 1900 496 1958 tunc
519 1885 685 1981 temporis
713 1881 895 1980 perditius,
926 1882 1012 1955 nihil
1039 1881 1140 1955 bonis
1168 1881 1311 1955 artibus.
1331 1879 1424 1977 quod

413 2009 706 2107 maJusdamnum
729 2009 882 2095 afferret,
904 2032 1011 2104 quam
1035 2007 1209 2081 theatrum
1227 2004 1317 2102 quod
1337 2005 1425 2081 ludi·
1538 2032 1541 2037 ·

414 2135 491 2209 brio
518 2134 760 2206 honestissima
789 2155 935 2229 quaeque
964 2129 1131 2219 vertebat,
1159 2131 1194 2203 in
1223 2152 1290 2227 quo
1316 2127 1426 2203 totam

413 2274 546 2334 actores
563 2257 785 2331 deridendam
800 2256 1032 2355 propinabant
1046 2255 1230 2345 familiam,
1251 2267 1424 2353 parentas,

414 2394 590 2484 conjuges,
607 2383 747 2457 liberos.
759 2382 994 2471 Quamobrem
1008 2383 1065 2478 qui
1081 2383 1235 2455 anostris
1245 2377 1428 2477 deoptima
1535 2434 1547 2453 ,

414 2509 622 2583 instituenda
645 2511 716 2581 vita
745 2507 980 2597 disserebant,
1014 2509 1096 2603 quia
1126 2509 1304 2581 numinum
1332 2505 1436 2581 cultu'

415 2637 654 2727 memoriaque
676 2632 898 2729 replebantur
920 2612 1131 2730 spectacula,
1157 2632 1236 2706 ideo
1256 2638 1331 2728 jam
1355 2631 1427 2704 suis

416 2758 657 2830 interdicerent
672 2781 812 2830 necesse
834 2770 926 2844 erat;
950 2759 1085 2831 animos
1101 2781 1182 2831 vero
1206 2757 1306 2831 bonis
1323 2756 1427 2829 mori·

418 2884 483 2957 bus
505 2882 685 2972 imbuturi,
704 2880 748 2953 de
763 2882 822 2954 tali
840 2906 876 2954 re
894 2886 1083 2981 transigere
1102 2883 1199 2957 nulla
1218 2884 1353 2957 ratione
1367 2906 1428 2979 po·

418 3020 542 3082 terant.
565 3011 618 3080 Ex
641 3029 710 3102 quo
734 3007 772 3078 tit
803 3019 841 3079 ut
865 3009 1057 3105 Cyprianus
1078 3008 1136 3104 qui
1157 3020 1254 3081 uetat
1280 3032 1324 3083 ne
1349 3010 1429 3106 quis

418 3135 593 3207 theatrum
622 3132 925 3230 superstitionibus
950 3133 1117 3205 iniectum
1150 3133 1255 3221 ineat,
1291 3131 1373 3205 inde
1396 3146 1432 3205 et
1560 3224 1566 3233 ι

419 3261 555 3332 animos
575 3256 728 3331 declaret
748 3256 942 3354 depravari.
967 3262 1012 3331 Ut
1035 3259 1167 3331 Seneca
1188 3257 1428 3356 philosophus,

420 3410 482 3482 per
499 3409 611 3459 scenae
628 3385 842 3483 voluptatem
853 3382 938 3459 dicit
953 3385 1037 3457 vitia
1050 3383 1184 3457 facilius
1197 3385 1387 3483 subrepere
1402 3392 1429 3472 ¹,

419 3524 459 3583 ut
472 3509 616 3585 Ovidius
629 3522 744 3606 poeta,
759 3511 844 3584 casti
858 3507 987 3585 damna
1003 3508 1144 3607 pudoris
1157 3510 1356 3606 spectacula
1372 3510 1434 3584 illa

419 3647 534 3724 uocat,
550 3647 590 3707 ut
605 3634 751 3724 Tullius,
765 3634 811 3708 ab
828 3635 1054 3708 histrionibus
1063 3633 1108 3706 ad
1123 3634 1252 3709 malam
1263 3632 1435 3709 domesti-

421 3782 498 3831 cam
535 3756 752 3853 disciplinam
784 3759 960 3856 vitamque
993 3757 1216 3832 umbratilem
1244 3772 1279 3833 et
1310 3759 1437 3833 delica-

422 3899 492 3957 tam
508 3886 602 3955 siros
621 3883 747 3955 adduci
771 3882 961 3956 arbitratur
981 3892 1011 3954 ².
1042 3887 1121 3957 lam
1150 3906 1254 3981 aspar
1274 3906 1316 3956 ao
1337 3884 1437 3957 fortis

458 4092 480 4140 t.
498 4085 691 4153 antirrinum,
705 4084 761 4140 vu.
856 4142 860 4155 ⁶

457 4179 482 4224 2.
504 4173 607 4223 trucul.
619 4172 678 4237 ll,t.
