3300 5272
776 455 924 515 suunt!
953 457 1124 519 FABULA
1153 459 1255 521 txtt.
1519 475 1573 526 119

455 614 639 696 suaviores,
669 614 790 679 tamdiu
808 615 885 680 dum
912 617 975 680 illis
1000 617 1132 706 quidam
1154 650 1166 675 ι
1182 618 1246 683 Sed
1264 634 1297 683 et
1314 621 1433 685 horum
1447 652 1459 679 υ
1475 623 1574 706 dixit,

457 737 602 824 «peribit
626 737 831 803 assuetudine
847 741 1002 827 suavitas,
1028 759 1126 831 atque
1144 766 1254 807 rursus
1281 767 1352 831 quae
1374 743 1452 809 olim
1471 769 1575 819 vesce-

457 860 579 925 «batur
593 878 733 926 vestrum
747 863 883 951 quisque
897 865 959 929 sibi
972 883 1093 953 qutaret
1106 896 1127 930 υ.

501 1144 598 1227 Quod
619 1145 817 1211 fastidiosior
838 1149 994 1235 quilibet,
1020 1152 1358 1247 praesente'roluptate
1373 1153 1506 1242 paululo
1522 1156 1578 1218 de-

455 1282 600 1357 gustata,
617 1269 692 1334 iiico
710 1287 851 1336 mentem
867 1271 907 1336 ad
925 1272 1011 1337 aliud
1027 1289 1137 1338 vertat.

854 1704 858 1709 ’
960 1742 1069 1808 tht.

937 2045 1095 2107 nutus.

501 2398 630 2480 Mulus,
657 2397 765 2487 ignavi
789 2396 945 2485 pabulum
969 2396 1121 2484 praesepis
1149 2393 1250 2459 edens
1277 2410 1310 2460 et
1325 2392 1453 2458 hordeo
1477 2410 1576 2477 satur,

456 2521 645 2601 cursitabat,
663 2537 695 2584 et
711 2520 885 2600 clamabat,
911 2519 1036 2582 cervice
1046 2520 1165 2604 jactata
1184 2518 1326 2582 ferocius
1342 2540 1350 2582 ι
1365 2545 1379 2577 ι
1394 2517 1484 2606 Equa
1497 2517 1578 2581 mihi

456 2675 468 2697 ·
484 2659 585 2708 ntater
601 2660 664 2726 cst,
683 2667 743 2707 nec
759 2641 815 2706 illu
831 2664 892 2731 ego
908 2665 978 2705 sum
993 2664 1088 2705 cursu
1104 2639 1265 2705 tardior».

501 2768 560 2831 Ast
575 2766 663 2830 illico
680 2788 810 2830 cursum
825 2766 1043 2853 compescuit,
1066 2763 1256 2852 vultumque
1273 2762 1402 2831 demisit
1420 2782 1573 2851 moestus3

456 2891 576 2979 quippe
590 2891 647 2978 qui
664 2890 774 2955 subito
789 2890 937 2954 meminit
947 2891 1072 2954 asinum
1088 2889 1151 2953 sibi
1167 2887 1264 2952 fuisse
1279 2904 1416 2976 patrem.

499 3166 604 3231 Docet
616 3187 675 3229 uos
692 3161 799 3229 fabula
814 3164 910 3227 rebus
920 3163 952 3226 in
967 3162 1130 3250 prosperis
1146 3160 1244 3226 altam
1258 3164 1448 3250 neutiquam
1463 3183 1575 3250 gerere

458 3305 615 3370 mentem,
632 3311 688 3352 eos
703 3288 849 3376 inprimis
865 3287 997 3374 quibus,
1016 3286 1131 3350 humili
1146 3286 1187 3351 de
1200 3286 1299 3376 stirpe
1315 3287 1448 3367 creatis,
1465 3285 1573 3350 conti·

457 3414 503 3502 git
518 3437 587 3478 esse
600 3396 789 3478 celebribus.

454 3821 601 3883 »uuum
612 3819 655 3878 τὴν
666 3819 760 3881 χώραν·
778 3816 821 3868 sod
836 3817 887 3879 ipse
904 3816 987 3866 inveni
1038 3818 1131 3883 ᾐτήκει,
1146 3816 1212 3880 quod
1231 3816 1326 3869 conexi
1346 3816 1406 3868 ibid.
1425 3829 1450 3866 r.
1462 3821 1487 3880 8,
1500 3814 1573 3866 ruisse

456 3901 612 3962 augmentum
631 3899 657 3948 in
674 3897 768 3958 codice,
788 3910 818 3947 ao
843 3895 987 3946 testemur
1039 3895 1166 3946 inventum
1177 3901 1203 3948 et
1214 3910 1229 3947 a
1239 3901 1396 3959 Buttmanno.

455 3978 591 4041 ιΜμοπο,
603 3989 676 4040 quam
686 3980 737 4038 jam
752 3976 836 4028 secisse
847 3973 988 4037 turgotum
1072 3981 1095 4025 ⁵.
1112 3978 1250 4042 Hesychius
1267 3995 1273 4023 ε
1294 3974 1443 4038 κατηφήσας,
1460 3989 1572 4024 κατανω-

455 4057 522 4109 ditoo
539 4070 571 4108 ex
586 4056 698 4116 betium
715 4068 793 4119 equo
810 4054 883 4106 etiam
900 4053 989 4104 doceor
1041 4054 1094 4111 θιίς.
