<?xml version="1.0" encoding="UTF-8"?>
<!DOCTYPE html PUBLIC "-//W3C//DTD XHTML 1.0 Transitional//EN"
    "http://www.w3.org/TR/xhtml1/DTD/xhtml1-transitional.dtd">
<html xmlns="http://www.w3.org/1999/xhtml" xml:lang="en" lang="en">
 <head>
  <title>
</title>
<meta http-equiv="Content-Type" content="text/html;charset=utf-8" />
  <meta name='ocr-system' content='tesseract 3.04.00' />
  <meta name='ocr-capabilities' content='ocr_page ocr_carea ocr_par ocr_line ocrx_word'/>
</head>
<body>
  <div class='ocr_page' id='page_1' title='image "./desanctocyprian00blamgoog_0453.png"; bbox 0 0 3300 5272; ppageno 0'>
   <div class='ocr_carea' id='block_1_1' title="bbox 533 1072 966 1159">
    <p class='ocr_par' dir='ltr' id='par_1_1' title="bbox 533 1072 966 1159">
     <span class='ocr_line' id='line_1_1' title="bbox 533 1072 966 1159; baseline -0.009 -3"><span class='ocrx_word' id='word_1_1' title='bbox 533 1074 694 1159; x_wconf 77' lang='lat' dir='ltr'>CAPUT</span> <span class='ocrx_word' id='word_1_2' title='bbox 723 1072 966 1159; x_wconf 75' lang='lat' dir='ltr'><strong>TERTIUM.</strong></span> 
     </span>
    </p>
   </div>
   <div class='ocr_carea' id='block_1_2' title="bbox 386 1301 1118 1360">
    <p class='ocr_par' dir='ltr' id='par_1_2' title="bbox 386 1301 1118 1360">
     <span class='ocr_line' id='line_1_2' title="bbox 386 1301 1118 1360; baseline -0.001 -10"><span class='ocrx_word' id='word_1_3' title='bbox 386 1306 537 1359; x_wconf 66' lang='lat' dir='ltr'>suuntur</span> <span class='ocrx_word' id='word_1_4' title='bbox 547 1304 713 1360; x_wconf 72' lang='lat' dir='ltr'>omnm</span> <span class='ocrx_word' id='word_1_5' title='bbox 724 1301 1118 1351; x_wconf 66' lang='lat' dir='ltr'>doctrinamentum</span> 
     </span>
    </p>
   </div>
   <div class='ocr_carea' id='block_1_3' title="bbox 654 1542 841 1565">
    <p class='ocr_par' dir='ltr' id='par_1_3' title="bbox 654 1542 841 1565">
     <span class='ocr_line' id='line_1_3' title="bbox 654 1542 841 1565; baseline -0.005 -6"><span class='ocrx_word' id='word_1_6' title='bbox 654 1542 841 1565; x_wconf 49' lang='lat' dir='ltr'>u*-</span> 
     </span>
    </p>
   </div>
   <div class='ocr_carea' id='block_1_4' title="bbox 168 1759 1254 2609">
    <p class='ocr_par' dir='ltr' id='par_1_4' title="bbox 168 1759 1254 2609">
     <span class='ocr_line' id='line_1_4' title="bbox 290 1759 1254 1859; baseline 0.002 -26"><span class='ocrx_word' id='word_1_7' title='bbox 290 1759 523 1834; x_wconf 77' lang='lat' dir='ltr'>Adversorum</span> <span class='ocrx_word' id='word_1_8' title='bbox 537 1771 720 1835; x_wconf 87' lang='lat' dir='ltr'>ventorum</span> <span class='ocrx_word' id='word_1_9' title='bbox 742 1763 776 1832; x_wconf 78' lang='lat' dir='ltr'>ri</span> <span class='ocrx_word' id='word_1_10' title='bbox 792 1762 954 1859; x_wconf 82' lang='lat' dir='ltr'>agitatus,</span> <span class='ocrx_word' id='word_1_11' title='bbox 976 1769 1058 1834; x_wconf 82' lang='lat' dir='ltr'>saevi</span> <span class='ocrx_word' id='word_1_12' title='bbox 1073 1774 1176 1858; x_wconf 88' lang='lat' dir='ltr'>atque</span> <span class='ocrx_word' id='word_1_13' title='bbox 1192 1762 1254 1835; x_wconf 92' lang='lat' dir='ltr'>im·</span> 
     </span>
     <span class='ocr_line' id='line_1_5' title="bbox 240 1883 1252 1984; baseline 0 -26"><span class='ocrx_word' id='word_1_14' title='bbox 240 1887 391 1983; x_wconf 86' lang='lat' dir='ltr'>portuosi</span> <span class='ocrx_word' id='word_1_15' title='bbox 410 1885 574 1959; x_wconf 83' lang='lat' dir='ltr'>fluctibns</span> <span class='ocrx_word' id='word_1_16' title='bbox 592 1886 699 1959; x_wconf 88' lang='lat' dir='ltr'>maris</span> <span class='ocrx_word' id='word_1_17' title='bbox 724 1892 889 1984; x_wconf 88' lang='lat' dir='ltr'>jactatus,</span> <span class='ocrx_word' id='word_1_18' title='bbox 915 1909 1093 1982; x_wconf 87' lang='lat' dir='ltr'>nunquam</span> <span class='ocrx_word' id='word_1_19' title='bbox 1124 1885 1181 1958; x_wconf 92' lang='lat' dir='ltr'>ille</span> <span class='ocrx_word' id='word_1_20' title='bbox 1207 1883 1252 1958; x_wconf 89' lang='lat' dir='ltr'>ad</span> 
     </span>
     <span class='ocr_line' id='line_1_6' title="bbox 237 2009 1248 2108; baseline 0.001 -26"><span class='ocrx_word' id='word_1_21' title='bbox 237 2011 392 2106; x_wconf 91' lang='lat' dir='ltr'>quietum</span> <span class='ocrx_word' id='word_1_22' title='bbox 421 2010 671 2108; x_wconf 76' lang='lat' dir='ltr'>metaphysica</span> <span class='ocrx_word' id='word_1_23' title='bbox 696 2009 848 2083; x_wconf 92' lang='lat' dir='ltr'>studium</span> <span class='ocrx_word' id='word_1_24' title='bbox 877 2034 915 2083; x_wconf 90' lang='lat' dir='ltr'>se</span> <span class='ocrx_word' id='word_1_25' title='bbox 939 2010 1096 2084; x_wconf 84' lang='lat' dir='ltr'>conferre</span> <span class='ocrx_word' id='word_1_26' title='bbox 1115 2013 1248 2107; x_wconf 83' lang='lat' dir='ltr'>potuit3</span> 
     </span>
     <span class='ocr_line' id='line_1_7' title="bbox 168 2135 1247 2233; baseline 0.002 -28"><span class='ocrx_word' id='word_1_27' title='bbox 168 2162 170 2166; x_wconf 34' lang='lat'>⁸</span> <span class='ocrx_word' id='word_1_28' title='bbox 236 2135 316 2207; x_wconf 84' lang='lat' dir='ltr'>vitae</span> <span class='ocrx_word' id='word_1_29' title='bbox 333 2136 413 2208; x_wconf 85' lang='lat' dir='ltr'>vero</span> <span class='ocrx_word' id='word_1_30' title='bbox 425 2136 592 2208; x_wconf 89' lang='lat' dir='ltr'>institutis</span> <span class='ocrx_word' id='word_1_31' title='bbox 606 2150 726 2233; x_wconf 88' lang='lat' dir='ltr'>pastor</span> <span class='ocrx_word' id='word_1_32' title='bbox 746 2160 787 2209; x_wconf 87' lang='lat' dir='ltr'>ac</span> <span class='ocrx_word' id='word_1_33' title='bbox 807 2148 921 2209; x_wconf 80' lang='lat' dir='ltr'>rector·</span> <span class='ocrx_word' id='word_1_34' title='bbox 935 2138 1074 2208; x_wconf 73' lang='lat' dir='ltr'>navavit</span> <span class='ocrx_word' id='word_1_35' title='bbox 1091 2159 1247 2233; x_wconf 86' lang='lat' dir='ltr'><strong>operam.</strong></span> 
     </span>
     <span class='ocr_line' id='line_1_8' title="bbox 237 2259 1249 2358; baseline 0 -25"><span class='ocrx_word' id='word_1_36' title='bbox 237 2263 273 2333; x_wconf 90' lang='lat' dir='ltr'>Si</span> <span class='ocrx_word' id='word_1_37' title='bbox 299 2274 417 2334; x_wconf 90' lang='lat' dir='ltr'>tamen</span> <span class='ocrx_word' id='word_1_38' title='bbox 448 2260 528 2334; x_wconf 89' lang='lat' dir='ltr'>fidei</span> <span class='ocrx_word' id='word_1_39' title='bbox 564 2260 790 2336; x_wconf 73' lang='lat' dir='ltr'>defendendae</span> <span class='ocrx_word' id='word_1_40' title='bbox 821 2259 1006 2358; x_wconf 89' lang='lat' dir='ltr'>aliquando</span> <span class='ocrx_word' id='word_1_41' title='bbox 1033 2262 1249 2358; x_wconf 91' lang='lat' dir='ltr'>provinciam</span> 
     </span>
     <span class='ocr_line' id='line_1_9' title="bbox 234 2383 1248 2482; baseline -0.002 -24"><span class='ocrx_word' id='word_1_42' title='bbox 234 2386 390 2480; x_wconf 80' lang='lat' dir='ltr'>suscipit,</span> <span class='ocrx_word' id='word_1_43' title='bbox 414 2386 567 2482; x_wconf 86' lang='lat' dir='ltr'>periculo</span> <span class='ocrx_word' id='word_1_44' title='bbox 589 2387 752 2475; x_wconf 82' lang='lat' dir='ltr'>instante,</span> <span class='ocrx_word' id='word_1_45' title='bbox 781 2397 855 2458; x_wconf 90' lang='lat' dir='ltr'>tum</span> <span class='ocrx_word' id='word_1_46' title='bbox 881 2385 1022 2458; x_wconf 85' lang='lat' dir='ltr'>Minucii</span> <span class='ocrx_word' id='word_1_47' title='bbox 1048 2383 1171 2457; x_wconf 86' lang='lat' dir='ltr'>Felicis</span> <span class='ocrx_word' id='word_1_48' title='bbox 1187 2396 1248 2456; x_wconf 89' lang='lat' dir='ltr'>aut</span> 
     </span>
     <span class='ocr_line' id='line_1_10' title="bbox 235 2510 1246 2609; baseline -0.001 -27"><span class='ocrx_word' id='word_1_49' title='bbox 235 2511 435 2584; x_wconf 83' lang='lat' dir='ltr'>Tertulliani</span> <span class='ocrx_word' id='word_1_50' title='bbox 472 2512 623 2609; x_wconf 79' lang='lat' dir='ltr'>vestigiis</span> <span class='ocrx_word' id='word_1_51' title='bbox 658 2513 820 2585; x_wconf 83' lang='lat' dir='ltr'>insistens</span> <span class='ocrx_word' id='word_1_52' title='bbox 854 2510 976 2608; x_wconf 89' lang='lat' dir='ltr'>proelia</span> <span class='ocrx_word' id='word_1_53' title='bbox 1012 2511 1173 2583; x_wconf 88' lang='lat' dir='ltr'>conserit.</span> <span class='ocrx_word' id='word_1_54' title='bbox 1207 2510 1246 2582; x_wconf 92' lang='lat' dir='ltr'>ln</span> 
     </span>
    </p>
   </div>
   <div class='ocr_carea' id='block_1_5' title="bbox 223 2632 1345 3978">
    <p class='ocr_par' dir='ltr' id='par_1_5' title="bbox 223 2632 1345 3978">
     <span class='ocr_line' id='line_1_11' title="bbox 233 2632 1242 2732; baseline 0.002 -27"><span class='ocrx_word' id='word_1_55' title='bbox 233 2632 388 2706; x_wconf 90' lang='lat' dir='ltr'>medium</span> <span class='ocrx_word' id='word_1_56' title='bbox 414 2657 531 2706; x_wconf 87' lang='lat' dir='ltr'>rerum</span> <span class='ocrx_word' id='word_1_57' title='bbox 560 2647 734 2707; x_wconf 86' lang='lat' dir='ltr'>certamen</span> <span class='ocrx_word' id='word_1_58' title='bbox 774 2641 949 2732; x_wconf 88' lang='lat' dir='ltr'>conjectus</span> <span class='ocrx_word' id='word_1_59' title='bbox 975 2657 1016 2707; x_wconf 86' lang='lat' dir='ltr'>ac</span> <span class='ocrx_word' id='word_1_60' title='bbox 1045 2632 1242 2725; x_wconf 83' lang='lat' dir='ltr'>discrimen,</span> 
     </span>
     <span class='ocr_line' id='line_1_12' title="bbox 233 2758 1246 2856; baseline 0 -25"><span class='ocrx_word' id='word_1_61' title='bbox 233 2780 372 2854; x_wconf 83' lang='lat' dir='ltr'>semper</span> <span class='ocrx_word' id='word_1_62' title='bbox 388 2758 481 2855; x_wconf 89' lang='lat' dir='ltr'>quod</span> <span class='ocrx_word' id='word_1_63' title='bbox 500 2770 601 2856; x_wconf 82' lang='lat' dir='ltr'>urget</span> <span class='ocrx_word' id='word_1_64' title='bbox 615 2761 699 2856; x_wconf 82' lang='lat' dir='ltr'>agit,</span> <span class='ocrx_word' id='word_1_65' title='bbox 714 2759 802 2833; x_wconf 87' lang='lat' dir='ltr'>etad</span> <span class='ocrx_word' id='word_1_66' title='bbox 819 2759 1005 2832; x_wconf 90' lang='lat' dir='ltr'>utilissima</span> <span class='ocrx_word' id='word_1_67' title='bbox 1016 2781 1162 2856; x_wconf 73' lang='lat' dir='ltr'>quaeque</span> <span class='ocrx_word' id='word_1_68' title='bbox 1179 2758 1246 2831; x_wconf 83' lang='lat' dir='ltr'>fes·</span> 
     </span>
     <span class='ocr_line' id='line_1_13' title="bbox 231 2881 1241 2979; baseline 0 -25"><span class='ocrx_word' id='word_1_69' title='bbox 231 2883 331 2957; x_wconf 86' lang='lat' dir='ltr'>tinat.</span> <span class='ocrx_word' id='word_1_70' title='bbox 355 2882 530 2976; x_wconf 77' lang='lat' dir='ltr'>ingenium</span> <span class='ocrx_word' id='word_1_71' title='bbox 545 2881 700 2978; x_wconf 81' lang='lat' dir='ltr'>profectu</span> <span class='ocrx_word' id='word_1_72' title='bbox 719 2905 811 2954; x_wconf 90' lang='lat' dir='ltr'>mere</span> <span class='ocrx_word' id='word_1_73' title='bbox 835 2882 1051 2973; x_wconf 83' lang='lat' dir='ltr'>Africanum,</span> <span class='ocrx_word' id='word_1_74' title='bbox 1075 2905 1241 2979; x_wconf 79' lang='lat' dir='ltr'>agraeco·</span> 
     </span>
     <span class='ocr_line' id='line_1_14' title="bbox 230 3007 1241 3106; baseline 0.003 -26"><span class='ocrx_word' id='word_1_75' title='bbox 230 3031 307 3080; x_wconf 86' lang='lat' dir='ltr'>rum</span> <span class='ocrx_word' id='word_1_76' title='bbox 330 3019 470 3106; x_wconf 83' lang='lat' dir='ltr'>patrum</span> <span class='ocrx_word' id='word_1_77' title='bbox 490 3007 679 3080; x_wconf 86' lang='lat' dir='ltr'>subtilitate</span> <span class='ocrx_word' id='word_1_78' title='bbox 699 3009 990 3099; x_wconf 86' lang='lat' dir='ltr'>remotissimum,</span> <span class='ocrx_word' id='word_1_79' title='bbox 1016 3032 1038 3079; x_wconf 88' lang='lat' dir='ltr'>a</span> <span class='ocrx_word' id='word_1_80' title='bbox 1057 3009 1241 3104; x_wconf 87' lang='lat' dir='ltr'>tranquillo</span> 
     </span>
     <span class='ocr_line' id='line_1_15' title="bbox 228 3129 1240 3235; baseline 0.003 -32"><span class='ocrx_word' id='word_1_81' title='bbox 228 3129 556 3235; x_wconf 78' lang='lat' dir='ltr'>disputandigenere</span> <span class='ocrx_word' id='word_1_82' title='bbox 570 3156 679 3229; x_wconf 88' lang='lat' dir='ltr'>quum</span> <span class='ocrx_word' id='word_1_83' title='bbox 692 3157 833 3230; x_wconf 88' lang='lat' dir='ltr'>prorsus</span> <span class='ocrx_word' id='word_1_84' title='bbox 846 3133 1043 3222; x_wconf 86' lang='lat' dir='ltr'>abhorreat,</span> <span class='ocrx_word' id='word_1_85' title='bbox 1061 3135 1096 3204; x_wconf 93' lang='lat' dir='ltr'>in</span> <span class='ocrx_word' id='word_1_86' title='bbox 1109 3157 1188 3226; x_wconf 91' lang='lat' dir='ltr'>usu,</span> <span class='ocrx_word' id='word_1_87' title='bbox 1204 3134 1240 3206; x_wconf 92' lang='lat' dir='ltr'>in</span> 
     </span>
     <span class='ocr_line' id='line_1_16' title="bbox 227 3252 1345 3352; baseline 0.01 -26"><span class='ocrx_word' id='word_1_88' title='bbox 227 3264 320 3345; x_wconf 89' lang='lat' dir='ltr'>actu,</span> <span class='ocrx_word' id='word_1_89' title='bbox 345 3255 382 3326; x_wconf 92' lang='lat' dir='ltr'>in</span> <span class='ocrx_word' id='word_1_90' title='bbox 403 3252 584 3352; x_wconf 88' lang='lat' dir='ltr'>disciplina</span> <span class='ocrx_word' id='word_1_91' title='bbox 597 3267 709 3328; x_wconf 88' lang='lat' dir='ltr'>totum</span> <span class='ocrx_word' id='word_1_92' title='bbox 724 3269 777 3329; x_wconf 90' lang='lat' dir='ltr'>est</span> <span class='ocrx_word' id='word_1_93' title='bbox 793 3265 821 3328; x_wconf 85' lang='lat'>¹.</span> <span class='ocrx_word' id='word_1_94' title='bbox 840 3255 899 3328; x_wconf 90' lang='lat' dir='ltr'>llle</span> <span class='ocrx_word' id='word_1_95' title='bbox 922 3255 1132 3352; x_wconf 81' lang='lat' dir='ltr'>prolectant</span> <span class='ocrx_word' id='word_1_96' title='bbox 1157 3279 1239 3331; x_wconf 88' lang='lat' dir='ltr'>cum</span> <span class='ocrx_word' id='word_1_97' title='bbox 1337 3316 1345 3337; x_wconf 80' lang='grc'>,</span> 
     </span>
     <span class='ocr_line' id='line_1_17' title="bbox 227 3375 1239 3475; baseline 0 -26"><span class='ocrx_word' id='word_1_98' title='bbox 227 3376 326 3450; x_wconf 88' lang='lat' dir='ltr'>hoste</span> <span class='ocrx_word' id='word_1_99' title='bbox 340 3389 471 3475; x_wconf 82' lang='lat' dir='ltr'>pugnet</span> <span class='ocrx_word' id='word_1_100' title='bbox 488 3390 623 3451; x_wconf 85' lang='lat' dir='ltr'>tantum</span> <span class='ocrx_word' id='word_1_101' title='bbox 639 3391 672 3450; x_wconf 93' lang='lat' dir='ltr'>et</span> <span class='ocrx_word' id='word_1_102' title='bbox 687 3379 807 3451; x_wconf 87' lang='lat' dir='ltr'>scribit</span> <span class='ocrx_word' id='word_1_103' title='bbox 823 3391 858 3450; x_wconf 89' lang='lat' dir='ltr'>et</span> <span class='ocrx_word' id='word_1_104' title='bbox 871 3375 976 3470; x_wconf 86' lang='lat' dir='ltr'>dicit;</span> <span class='ocrx_word' id='word_1_105' title='bbox 996 3375 1069 3448; x_wconf 84' lang='lat' dir='ltr'>sula</span> <span class='ocrx_word' id='word_1_106' title='bbox 1089 3379 1239 3449; x_wconf 85' lang='lat' dir='ltr'>necessi-</span> 
     </span>
     <span class='ocr_line' id='line_1_18' title="bbox 225 3502 1236 3602; baseline 0.004 -28"><span class='ocrx_word' id='word_1_107' title='bbox 225 3514 448 3576; x_wconf 85' lang='lat' dir='ltr'>tateccactus</span> <span class='ocrx_word' id='word_1_108' title='bbox 465 3502 623 3600; x_wconf 88' lang='lat' dir='ltr'>proditin</span> <span class='ocrx_word' id='word_1_109' title='bbox 641 3504 832 3602; x_wconf 87' lang='lat' dir='ltr'>publicum,</span> <span class='ocrx_word' id='word_1_110' title='bbox 851 3507 899 3577; x_wconf 90' lang='lat' dir='ltr'>ita</span> <span class='ocrx_word' id='word_1_111' title='bbox 913 3507 1050 3602; x_wconf 77' lang='lat' dir='ltr'>egregio</span> <span class='ocrx_word' id='word_1_112' title='bbox 1071 3505 1151 3579; x_wconf 84' lang='lat' dir='ltr'>vitae</span> <span class='ocrx_word' id='word_1_113' title='bbox 1172 3503 1236 3578; x_wconf 87' lang='lat' dir='ltr'>do·</span> 
     </span>
     <span class='ocr_line' id='line_1_19' title="bbox 225 3626 1238 3703; baseline 0.002 -4"><span class='ocrx_word' id='word_1_114' title='bbox 225 3639 387 3700; x_wconf 88' lang='lat' dir='ltr'>cumento</span> <span class='ocrx_word' id='word_1_115' title='bbox 402 3626 483 3701; x_wconf 88' lang='lat' dir='ltr'>dato</span> <span class='ocrx_word' id='word_1_116' title='bbox 501 3652 580 3702; x_wconf 92' lang='lat' dir='ltr'>cum</span> <span class='ocrx_word' id='word_1_117' title='bbox 595 3629 729 3703; x_wconf 84' lang='lat' dir='ltr'>efficaci</span> <span class='ocrx_word' id='word_1_118' title='bbox 749 3628 913 3703; x_wconf 89' lang='lat' dir='ltr'>facundia</span> <span class='ocrx_word' id='word_1_119' title='bbox 927 3652 1072 3702; x_wconf 78' lang='lat' dir='ltr'>summae</span> <span class='ocrx_word' id='word_1_120' title='bbox 1090 3630 1238 3703; x_wconf 85' lang='lat' dir='ltr'>auctori-</span> 
     </span>
     <span class='ocr_line' id='line_1_20' title="bbox 225 3749 1235 3851; baseline 0.007 -30"><span class='ocrx_word' id='word_1_121' title='bbox 225 3749 321 3822; x_wconf 85' lang='lat' dir='ltr'>tatis.</span> <span class='ocrx_word' id='word_1_122' title='bbox 334 3753 421 3823; x_wconf 83' lang='lat' dir='ltr'>Cnm</span> <span class='ocrx_word' id='word_1_123' title='bbox 437 3775 519 3826; x_wconf 84' lang='lat' dir='ltr'>vero</span> <span class='ocrx_word' id='word_1_124' title='bbox 532 3754 569 3824; x_wconf 92' lang='lat' dir='ltr'>in</span> <span class='ocrx_word' id='word_1_125' title='bbox 583 3776 768 3829; x_wconf 90' lang='lat' dir='ltr'>commune</span> <span class='ocrx_word' id='word_1_126' title='bbox 781 3753 951 3845; x_wconf 90' lang='lat' dir='ltr'>consulat,</span> <span class='ocrx_word' id='word_1_127' title='bbox 968 3752 1098 3851; x_wconf 79' lang='lat' dir='ltr'>quade</span> <span class='ocrx_word' id='word_1_128' title='bbox 1110 3752 1235 3828; x_wconf 83' lang='lat' dir='ltr'>officiis</span> 
     </span>
     <span class='ocr_line' id='line_1_21' title="bbox 223 3875 1237 3978; baseline 0.006 -30"><span class='ocrx_word' id='word_1_129' title='bbox 223 3875 349 3949; x_wconf 89' lang='lat' dir='ltr'>tradita</span> <span class='ocrx_word' id='word_1_130' title='bbox 366 3876 411 3949; x_wconf 89' lang='lat' dir='ltr'>ab</span> <span class='ocrx_word' id='word_1_131' title='bbox 429 3878 593 3974; x_wconf 86' lang='lat' dir='ltr'>apostolis</span> <span class='ocrx_word' id='word_1_132' title='bbox 609 3891 644 3951; x_wconf 89' lang='lat' dir='ltr'>et</span> <span class='ocrx_word' id='word_1_133' title='bbox 660 3892 834 3978; x_wconf 71' lang='lat' dir='ltr'>precepta</span> <span class='ocrx_word' id='word_1_134' title='bbox 849 3892 930 3954; x_wconf 89' lang='lat' dir='ltr'>sunt</span> <span class='ocrx_word' id='word_1_135' title='bbox 945 3880 1115 3977; x_wconf 87' lang='lat' dir='ltr'>imprimis</span> <span class='ocrx_word' id='word_1_136' title='bbox 1130 3881 1237 3954; x_wconf 72' lang='lat' dir='ltr'>intes</span> 
     </span>
    </p>
   </div>
   <div class='ocr_carea' id='block_1_6' title="bbox 221 4086 1235 4239">
    <p class='ocr_par' dir='ltr' id='par_1_6' title="bbox 221 4086 1235 4239">
     <span class='ocr_line' id='line_1_22' title="bbox 258 4086 1235 4158; baseline 0.005 -22"><span class='ocrx_word' id='word_1_137' title='bbox 258 4092 280 4136; x_wconf 85' lang='lat' dir='ltr'>t.</span> <span class='ocrx_word' id='word_1_138' title='bbox 299 4088 379 4137; x_wconf 77' lang='lat' dir='ltr'>rotae</span> <span class='ocrx_word' id='word_1_139' title='bbox 392 4089 421 4137; x_wconf 81' lang='lat' dir='ltr'>tn</span> <span class='ocrx_word' id='word_1_140' title='bbox 432 4086 617 4140; x_wconf 73' lang='lat' dir='ltr'>exhortatione</span> <span class='ocrx_word' id='word_1_141' title='bbox 636 4090 778 4157; x_wconf 74' lang='lat' dir='ltr'>virtutum,</span> <span class='ocrx_word' id='word_1_142' title='bbox 796 4093 940 4158; x_wconf 74' lang='lat' dir='ltr'>occupatus</span> <span class='ocrx_word' id='word_1_143' title='bbox 953 4092 1168 4158; x_wconf 72' lang='lat' dir='ltr'>persecutionum</span> <span class='ocrx_word' id='word_1_144' title='bbox 1185 4104 1235 4143; x_wconf 83' lang='lat' dir='ltr'>cn·</span> 
     </span>
     <span class='ocr_line' id='line_1_23' title="bbox 221 4169 839 4239; baseline 0.008 -17"><span class='ocrx_word' id='word_1_145' title='bbox 221 4174 323 4235; x_wconf 69' lang='lat' dir='ltr'>muttit.</span> <span class='ocrx_word' id='word_1_146' title='bbox 341 4169 506 4239; x_wconf 81' lang='lat' dir='ltr'>Hieronym,</span> <span class='ocrx_word' id='word_1_147' title='bbox 520 4175 606 4238; x_wconf 74' lang='lat' dir='ltr'>Epist.</span> <span class='ocrx_word' id='word_1_148' title='bbox 619 4173 709 4239; x_wconf 82' lang='lat' dir='ltr'>XLIX,</span> <span class='ocrx_word' id='word_1_149' title='bbox 719 4171 753 4227; x_wconf 78' lang='lat' dir='ltr'>ad</span> <span class='ocrx_word' id='word_1_150' title='bbox 764 4173 839 4231; x_wconf 77' lang='lat' dir='ltr'>Paul.</span> 
     </span>
    </p>
   </div>
   <div class='ocr_carea' id='block_1_7' title="bbox 0 0 1654 5272">
    <p class='ocr_par' dir='ltr' id='par_1_7' title="bbox 0 0 1654 5272">
     <span class='ocr_line' id='line_1_24' title="bbox 0 0 1654 5272; baseline 0 11"><span class='ocrx_word' id='word_1_151' title='bbox 0 0 1654 5272; x_wconf 95' lang='lat' dir='ltr'> </span> 
     </span>
    </p>
   </div>
  </div>
 </body>
</html>
