3300 5272
616 479 657 527 DE
681 476 880 529 caularum
904 476 1027 529 ffllOE

254 622 258 637 ·
367 605 574 678 Sanctorum
593 606 830 679 Timidemiom
844 607 874 678 11
888 603 965 679 Kal.
985 606 1067 679 Jun.
1081 604 1237 679 meminit
1248 606 1325 679 Ka-

318 726 508 802 lendarium
527 727 797 826 carthaginense
823 728 913 828 apud
940 730 1099 803 Ruinart.
1118 730 1205 802 dcto
1224 734 1324 803 Mor·

319 864 386 947 tyr.
408 852 512 939 1731,
535 875 570 950 p.
587 854 670 926 541.
688 854 734 925 Et
755 855 972 927 Timideasem
984 854 1186 952 episcopum
1203 853 1325 952 inpio

319 973 507 1050 consularis
519 976 707 1073 provincia
724 977 882 1074 patiihus
900 977 1005 1051 habet
1020 981 1161 1052 Notitia.

718 1169 737 1219 Ι
758 1170 918 1221 TUBURBO.

369 1293 575 1365 Tarburdum
596 1298 719 1387 majus,
739 1297 883 1368 Henetir
900 1296 944 1368 El
969 1296 1089 1385 Coeba,
1111 1292 1172 1368 ubi
1191 1294 1322 1383 ruinas,

317 1414 485 1512 templum
503 1440 647 1514 parvum
666 1430 702 1492 et
720 1420 958 1516 inscriptiones
975 1417 1061 1492 vidit
1080 1418 1223 1493 Guerin.

369 1542 573 1613 Turburdum
584 1545 706 1629 minus,
729 1545 911 1616 Tebourbo.

366 1665 445 1737 Fuit
461 1664 566 1763 igitur
584 1666 726 1764 hujusce
739 1666 888 1740 nominis
901 1665 1028 1764 duplex
1044 1665 1229 1764 oppidum,
1247 1688 1323 1739 ma·

313 1795 371 1884 jus
388 1789 552 1864 nimirum
570 1814 611 1864 aa
624 1792 751 1883 minus,
770 1791 863 1889 quod
882 1789 1108 1888 comprobant
1125 1792 1321 1891 Peutingeni

319 1913 472 1987 Tabulae.
487 1917 901 2014 Toborbitaoosmartyres
917 1914 1034 1990 laudat
1047 1917 1324 2013 antiquissimum

320 2037 846 2136 Carthaginiensokalendarium
856 2039 975 2139 dequo
994 2039 1225 2115 eruditissimo
1239 2041 1325 2113 seri·

318 2174 462 2258 pserunt
498 2162 718 2237 Mabillonius
752 2177 788 2239 et
820 2166 1038 2240 Ruinartius.
1070 2167 1220 2261 Utraque
1243 2184 1324 2237 vero

317 2285 452 2361 colonia
472 2312 541 2362 uno
566 2290 728 2387 episcopo
752 2290 805 2363 uti
824 2289 967 2363 solebat.
991 2292 1078 2362 Hist.
1095 2312 1186 2382 pera.
1210 2288 1322 2360 Vood.

318 2434 355 2508 p.
378 2414 448 2486 247
466 2423 501 2486 et
514 2414 599 2486 248.

728 2606 767 2655 aa
785 2605 909 2656 oannis.

365 2679 535 2751 dochino?

348 2800 497 2874 .Dirutae
510 2802 664 2877 ecclesia
677 2802 872 2877 christiana
886 2804 976 2877 inter
989 2801 1117 2876 multas
1135 2802 1252 2875 ruinas
1264 2823 1324 2873 oc·

318 2936 460 2998 currunt
475 2924 614 2999 indicia.

367 3051 504 3121 Ustdam
523 3050 613 3122 inter
629 3048 800 3123 Tusdrom
823 3073 865 3123 ao
887 3050 1022 3124 Thenas
1037 3050 1232 3123 Antoninus
1254 3047 1326 3121 col·

318 3173 429 3267 looat;
454 3174 681 3273 municipium
699 3176 821 3247 Usiltaa
837 3176 964 3272 Ruspis
981 3176 1180 3273 proximum
1201 3172 1327 3247 docent

319 3298 588 3396 Peutingerianae
600 3299 748 3393 tabulae3
768 3296 861 3396 quod
878 3299 1037 3396 Cypriani
1053 3298 1189 3371 concilii
1208 3297 1329 3369 astutas

319 3422 429 3497 editor
438 3425 644 3498 Oxoniensis
656 3423 857 3499 arbitratur.
870 3424 1033 3496 Attamen
1045 3422 1182 3495 Ululam
1192 3418 1236 3494 ab
1245 3422 1330 3495 Usu·

320 3548 362 3622 lis
380 3548 557 3646 distinguit
573 3548 767 3642 Marcellus,
788 3547 881 3622 nulla
895 3571 976 3623 vero
992 3547 1123 3620 rationo
1146 3546 1266 3620 iratus.

370 3674 523 3763 Marcus,
538 3696 577 3771 p.
597 3674 681 3747 619.
704 3674 846 3762 Romen,
863 3670 1081 3746 24551163.

725 3873 765 3923 no
789 3872 920 3922 annino.

365 3974 509 4046 Heochir
526 3974 658 4047 onena.

365 4095 415 4169 Ibi
436 4096 595 4170 visuntur
621 4119 772 4171 romanae
803 4096 951 4169 civitatis
978 4105 1015 4167 ot
1041 4092 1196 4168 basilicae
1219 4091 1328 4166 chris·
