3300 5272
328 477 374 550 80
623 496 663 546 na
689 496 886 548 onnrsrrrrn
911 497 1034 546 maren

326 629 421 700 'l'nnc
435 623 569 697 animos
582 618 783 717 Africanos,
799 622 973 698 ardentem
991 622 1202 723 compellans
1218 649 1330 724 popu·

323 748 416 840 lum,
444 746 608 846 speciosis
628 770 669 821 ac
693 746 829 822 dilectis
843 773 927 822 usus
945 728 1168 849 imaginibus,
1190 748 1331 824 eleemo

324 896 449 973 synam
472 871 622 946 ostendit
646 881 686 946 ut
703 872 833 947 editum
855 874 929 948 Deo
955 874 1210 971 spectaculum,
1232 881 1330 974 cujus

323 999 626 1070 memoriaenon
655 995 914 1091 consulatibus,
938 1021 1008 1070 non
1029 995 1230 1096 quadrigis,
1260 1021 1330 1070 non

325 1118 482 1195 secundis
495 1119 614 1219 populi
625 1118 997 1194 admurmurationibus
1007 1119 1154 1215 studeat,
1168 1119 1228 1194 sed
1237 1145 1331 1196 sum·

216 1314 222 1327 ,
324 1246 442 1343 mique
458 1256 495 1318 ct
506 1245 598 1318 unici
617 1247 803 1343 spectantis
821 1245 961 1343 plausus
976 1243 1141 1320 ambiar.
1169 1247 1220 1318 Ea
1231 1268 1330 1343 pror·
1361 1298 1366 1307 -

324 1393 382 1442 sus
408 1369 445 1442 in
477 1390 651 1467 pauperes·
682 1367 906 1442 beneficentia
932 1369 1099 1443 Ethnicos
1137 1370 1265 1444 mirum
1293 1369 1330 1442 in

323 1490 465 1566 modum
484 1490 674 1566 delectabat
688 1492 943 1591 permultosque
963 1492 1001 1565 in
1022 1490 1189 1566 Ecclesia
1209 1504 1326 1590 partes

323 1613 493 1706 trahebat,
514 1614 671 1713 quamvis
694 1617 772 1690 vita
799 1617 980 1713 asperitas,
1010 1615 1152 1690 durities
1175 1638 1326 1707 morum,

324 1741 486 1814 severitas
518 1737 707 1837 disciplina
732 1751 865 1814 mentes
890 1750 1068 1813 terrerent.
1093 1741 1265 1837 Namque,
1290 1750 1330 1812 ut

324 1887 443 1963 aspere
460 1862 575 1938 aiebat
589 1861 834 1954 Tertullianus,
850 1863 886 1935 in
904 1862 970 1936 isto
983 1862 1057 1936 solo
1066 1861 1201 1936 solvunt
1213 1862 1328 1936 Chris·

324 1988 408 2063 tiani
416 1988 629 2062 consortium
636 1988 673 2061 in
682 2011 750 2085 quo
760 1987 832 2061 solo
840 1998 1001 2061 exercent
1010 1988 1124 2062 catari
1132 1986 1325 2062 bomines².

321 2113 626 2189 verumenimvero
651 2111 688 2185 in
712 2110 910 2208 regionibus
931 2134 1018 2208 quas
1048 2121 1215 2210 perurunt
1238 2110 1328 2186 solea

321 2234 461 2329 assidui,
479 2233 571 2333 apud
582 2233 728 2333 populos
741 2235 882 2309 mollitie
902 2235 1097 2326 affluentes,
1116 2234 1171 2309 vel
1186 2235 1329 2310 marita·

321 2359 391 2434 lem
408 2358 526 2450 iidem,
547 2357 601 2431 vel
622 2356 804 2432 viduarum
823 2359 1019 2431 lobmmsom
1036 2355 1254 2450 coetitotaffl,
1273 2357 1328 2432 vel

320 2483 522 2583 virginalem
540 2483 772 2582 integritatem
789 2505 925 2556 semare
939 2482 1147 2580 perarduum
1164 2480 1323 2557 babetur.

368 2610 443 2685 Nec
465 2606 608 2682 dubium
629 2605 713 2704 quin
735 2603 781 2678 ad
797 2605 873 2679 hac
894 2603 1096 2681 accederent
1114 2605 1273 2703 praedura
1292 2617 1328 2681 et

315 2729 445 2828 jejunia
459 2738 494 2801 et
504 2726 682 2826 pervigilia
700 2750 778 2824 quae
797 2727 937 2801 militari
958 2727 1066 2802 verbo
1085 2731 1242 2803 stationes
1258 2753 1328 2803 vo-

325 2849 1093 2960 cabantur⁴:inaugustisscilicetreipublicae
1100 2852 1324 2952 temporibus,

311 2975 444 3050 diebus
460 2975 659 3074 praestitutis
677 3000 720 3049 ac
738 2976 988 3075 frequentibus,
1005 2973 1116 3049 ductis
1128 2977 1218 3051 inter
1225 2975 1327 3078 fletus

321 3099 494 3194 noctibus,
514 3097 805 3198 Hebraeorumque
823 3101 891 3173 ritu
910 3098 1009 3172 humi
1024 3097 1107 3193 fusi,
1133 3099 1271 3194 coelum,
1287 3111 1328 3175 ut

320 3221 511 3317 dicebatur,
537 3220 666 3297 invidia
683 3220 886 3296 tundebant.
915 3220 1014 3311 Quod
1030 3223 1150 3319 siquis
1169 3224 1276 3297 tantis
1290 3225 1326 3298 in

319 3347 497 3424 laboribus
515 3347 687 3441 deficeret,
715 3347 745 3421 si
762 3348 876 3444 lapsae
896 3358 1032 3445 partem
1053 3345 1219 3422 obtineret
1238 3349 1327 3424 inter

316 3478 524 3570 penitentes,
541 3471 591 3546 illi
609 3470 794 3545 durissima
810 3482 885 3545 erat
900 3472 1051 3571 expiatio
1065 3470 1208 3571 agenda,
1227 3478 1325 3570 cujus

320 3609 437 3677 umen
449 3609 586 3695 tempus
601 3593 741 3695 quidam
760 3620 782 3670 a
798 3595 1009 3697 martyribus
1031 3593 1102 3670 dati
1121 3594 1225 3672 libelli
1244 3619 1324 3670 con·

225 3935 231 3942 .
355 3892 378 3939 t.
395 3888 433 3938 Dc
446 3885 736 3952 operactBlecmosya.

352 3977 378 4023 a.
395 3967 515 4033 Tertull,
527 3972 575 4036 Ap.
588 3968 702 4023 XXXIX.

353 4061 379 4108 3.
394 4052 531 4125 cyprian,
542 4055 575 4108 dc
585 4057 658 4108 Bono
665 4056 793 4122 pattena,
806 4052 863 4107 XX.

353 4144 378 4190 t.
394 4136 516 4200 Tertull„
529 4137 563 4193 dc
575 4139 688 4204 Jejuato,
701 4137 722 4190 l.
735 4136 802 4192 Xlll.
