3300 5272
530 472 678 532 einen
703 453 879 531 ‘riurei
910 469 1030 531 cxix:
1282 480 1338 532 ιω

713 946 837 1013 CXIX.

560 1252 735 1314 STATUA
764 1250 991 1311 Mercurii.

266 1625 421 1712 Ligneum
440 1625 540 1689 homo
567 1623 700 1713 quidam
723 1625 864 1690 habebat
889 1624 1087 1689 Mercurium
1113 1646 1121 1686 :
1146 1637 1212 1687 erat
1237 1637 1342 1687 autem

222 1764 340 1852 opifex.

266 1921 326 1982 Cui
341 1942 441 2007 quum
458 1920 573 1985 libaret
593 1919 739 2008 quotidie
756 1937 789 1984 et
807 1941 896 1984 sacra
918 1919 1056 2001 faceret,
1082 1935 1149 1983 crat
1173 1920 1234 2007 ipsi
1252 1918 1340 1982 domi

222 2059 305 2125 mala
319 2083 380 2126 res.
398 2063 664 2150 Irascebaturque
678 2061 760 2142 deo,
783 2076 815 2126 ct
829 2076 989 2149 arreptum
1003 2082 1095 2124 crure
1110 2057 1222 2124 afflixit
1239 2060 1338 2123 humi.

176 2287 178 2292 .
265 2216 380 2281 Turne
396 2215 542 2307 disrupto
559 2220 663 2308 capite
681 2217 948 2300 effluxitvaurum,
970 2216 1056 2306 quod
1072 2217 1226 2306 colligens
1239 2217 1340 2282 homo

222 2359 267 2422 sic
282 2375 331 2422 est
346 2357 430 2425 fatus
443 2385 451 2424 τ
466 2393 478 2416 a
494 2362 651 2444 Mercuri,
667 2384 833 2450 perversus
848 2384 880 2425 es
896 2359 975 2425 deus
990 2375 1023 2424 ct
1035 2361 1179 2449 ingratus
1191 2359 1340 2424 adversus

222 2501 386 2583 «amicos,
419 2503 475 2589 qui
506 2501 677 2566 adorantes
704 2525 764 2566 nos
793 2502 884 2567 nullo
911 2501 1073 2567 afficiebas
1104 2500 1278 2582 beneficio,
1309 2513 1341 2565 at

221 2669 233 2693 a
248 2639 334 2704 bone
349 2641 485 2729 piurima
500 2641 740 2706 contumeliosis
766 2640 951 2731 rependisti.
976 2644 1073 2706 Istam
1087 2665 1161 2731 erga
1172 2658 1205 2707 te
1220 2665 1339 2707 novam

220 2812 232 2836 ι
247 2783 437 2870 ignorabam
450 2785 600 2872 pietatem
615 2815 637 2848 υ.

267 2941 353 3005 Deos
380 2944 476 3007 etiam
501 2944 643 3034 AEsopus
661 2946 806 3035 implicat
827 2945 966 3027 fabulis,
986 2967 1120 3009 monere
1145 2966 1205 3009 nos
1229 2944 1341 3010 volens

222 3080 262 3146 de
279 3085 398 3149 mutuis
415 3085 541 3152 officiis.
556 3088 717 3153 Stolidurn
732 3090 757 3153 si
774 3089 863 3153 coles
876 3087 1063 3167 hominem,
1085 3086 1166 3150 nihii
1193 3086 1342 3151 lucrabe-

221 3224 282 3305 ris;
299 3247 395 3311 quem
407 3227 433 3309 si
447 3229 596 3292 tractabis
617 3229 818 3312 injuriosius,
845 3226 922 3291 inde
937 3228 1093 3315 percipies
1109 3225 1244 3290 lucrum.

222 3643 409 3705 meiequoet
420 3649 541 3697 sententie
558 3648 627 3699 vaide
644 3652 752 3711 juvatur.
807 3648 932 3711 tirgraecir
943 3652 962 3699 t.
981 3655 1004 3713 2,
1017 3662 1041 3712 p.
1060 3651 1116 3708 321,
1134 3651 1150 3697 t.
1161 3654 1218 3709 5‚p.
1234 3650 1274 3708 ii,
1287 3650 1338 3696 iii.

222 3718 278 3780 Eius
285 3723 468 3782 permutationis
484 3727 594 3790 exempla
612 3728 668 3778 vido
676 3729 701 3777 in
710 3735 754 3778 xe·
840 3735 876 3778 12.
891 3728 1005 3790 suspicor
1025 3726 1066 3776 iric
1085 3725 1204 3776 excidisse
1225 3736 1339 3784 remum,

223 3797 361 3859 nopiontea
370 3803 451 3854 critice
460 3805 568 3855 oratione
576 3807 633 3856 flcii.
643 3814 666 3866 2,
680 3809 754 3868 3,17;
807 3821 858 3870 quo
867 3820 951 3856 sensus
963 3807 1092 3857 verborum
1111 3807 1168 3871 epi<
1176 3804 1289 3862 ἀλλήλους
1298 3802 1340 3853 fle·

223 3873 247 3922 in
260 3878 334 3927 notit.
349 3881 430 3930 Mena.
444 3884 461 3931 t.
477 3890 501 3945 ⁶,
514 3896 536 3947 p.
548 3889 603 3944 ³¹³3
614 3884 639 3933 in
648 3885 756 3935 inernie-
808 3887 849 3935 bet
861 3886 1009 3948 explicatior.
