3300 5272
324 440 390 513 126
626 440 774 507 ensurius
797 454 1018 514 nnomsrsons

366 589 482 666 lacuit
492 608 574 661 veru
589 587 744 660 omnium
755 585 791 658 in
810 594 995 682 conspectu
1014 606 1142 680 corpus
1154 580 1321 682 quamdiu
1459 608 1462 614 ·

317 716 418 792 luxit.
439 710 549 788 Multa
564 708 705 784 demum
727 718 847 798 nocte,
870 708 1052 781 Christiani
1077 737 1092 773 e
1115 730 1194 781 cum
1213 708 1321 783 cereis

318 851 354 916 et
370 834 589 914 scholacibus
605 839 632 926 ⁴,
652 828 696 905 ad
714 853 813 905 areas
833 827 1001 904 Macrobii
1017 828 1218 905 candidiani
1239 854 1321 930 pro·

318 961 499 1056 curatoris,
526 968 697 1058 quaeunt
713 956 751 1029 in
770 957 828 1028 ria
845 953 1069 1053 Mappaliensi
1085 959 1113 1045 ²,
1129 962 1229 1054 juxta
1249 955 1321 1054 pis·

319 1088 478 1163 oinas⁸s
507 1082 660 1182 episcopi
689 1079 837 1179 glorioso
868 1080 1065 1179 interempti
1099 1103 1225 1179 corpus
1264 1076 1322 1154 ds·

319 1210 501 1286 duxerunt.

368 1334 427 1426 nt,
449 1341 531 1429 post
554 1328 714 1427 Cypriani
733 1351 868 1420 necem,
894 1327 1048 1401 nondum
1068 1329 1182 1426 quiete
1204 1329 1324 1405 Africa

317 1456 506 1534 christiana
534 1424 754 1545 fruita⁸est3
791 1453 934 1545 etenim,
957 1451 1092 1526 Galerio
1117 1454 1323 1550 proconsule

318 1581 424 1683 paulo
438 1589 518 1677 post
529 1587 678 1667 mortuo,
702 1575 780 1668 ejus
787 1575 862 1650 vice
880 1589 1079 1674 procurator
1097 1577 1239 1651 Caesaris
1260 1575 1322 1650 do-

319 1709 473 1805 signotus
496 1724 573 1776 seso
605 1699 715 1775 multo
740 1701 891 1775 fidelium
920 1703 1084 1801 sanguine
1116 1700 1319 1776 cruentavit.

320 1830 435 1919 Quare
449 1825 510 1923 qui
524 1825 641 1921 magni
658 1825 818 1923 Cypriani
830 1824 867 1898 in
882 1825 997 1899 locum
1013 1826 1179 1898 successit
1197 1828 1323 1923 Carpo·
1432 1910 1435 1915 ,

319 1951 460 2053 phoras,
478 1971 549 2021 non
565 1948 681 2020 statim
689 1958 769 2046 post
776 1947 870 2023 illius
889 1931 1095 2047 supplicium
1107 1949 1319 2049 potuiteligi3

319 2072 455 2150 sednon
466 2071 718 2170 proconsularis
727 2070 1078 2169 modoprovinciassd
1088 2073 1193 2147 etiam
1202 2074 1323 2149 Numi·
1412 2138 1418 2171 ,

318 2197 376 2272 dia
391 2219 512 2271 cruore
526 2194 741 2269 redundarit.
760 2198 923 2270 Attamen
940 2197 1100 2296 Cypriani
1117 2197 1321 2271 memoriam

319 2322 464 2395 summis
499 2317 687 2392 honoribus
714 2319 791 2392 Arri
818 2319 1127 2417 prosequebantur,
1164 2319 1320 2418 festaque

319 2442 563 2542 agebantque
582 2442 631 2516 illi
648 2445 837 2539 Cypriacae
848 2443 1042 2537 vocabant3
1064 2458 1179 2542 atque,
1198 2458 1322 2543 pacata

319 2566 490 2660 Ecclesia,
509 2565 805 2665 amplissimaduo
816 2568 946 2666 templs
960 2567 1008 2642 illi
1027 2567 1318 2643 exaedificarunt&

319 2690 495 2785 Alterum,
515 2689 560 2766 ad
588 2704 722 2766 sextum
752 2690 797 2764 ab
823 2689 909 2764 urbe
932 2689 1104 2789 lapidem,
1135 2693 1194 2766 ubi
1227 2705 1322 2767 trun·

318 2830 417 2891 catus
439 2828 494 2891 est
510 2817 635 2913 capita,
655 2815 723 2889 fuit
740 2825 964 2888 exstructum.
983 2818 1071 2889 Cum
1092 2813 1137 2888 ad
1155 2816 1320 2916 populum

318 2940 361 3016 da
379 2951 529 3039 martyre
542 2941 617 3037 ipso
635 2962 827 3013 sermonem
845 2937 988 3013 haberet
1002 2941 1224 3037 Augustinus,
1244 2940 1320 3016 haec

321 3063 463 3140 habuit:
488 3095 501 3127 ι
521 3064 560 3136 ln
572 3085 614 3135 eo
631 3060 707 3136 loco
724 3060 785 3136 ubi
798 3063 914 3159 posuit
931 3063 1042 3136 curnis
1063 3064 1214 3156 exuvias,
1230 3089 1323 3139 saeva

318 3200 401 3262 tunc
409 3184 593 3262 multitudo
603 3197 905 3283 conveneratque
915 3196 1056 3284 propter
1065 3185 1181 3260 odium
1195 3187 1320 3263 Christi

277 3384 280 3389 .
318 3308 863 3411 sangninemlunderetcypriani,
879 3308 1039 3384 ibihodie
1052 3330 1218 3385 venerans
1232 3311 1322 3386 mul·

354 3599 379 3645 t.
395 3592 528 3645 Borcctto
552 3589 654 3646 scholas
672 3591 736 3646 cleri
759 3604 822 3645 cnm
837 3591 918 3646 coreis
932 3592 1030 3663 signori
1049 3596 1142 3663 μυίαις
1162 3598 1191 3648 at
1203 3591 1264 3663 jure
1278 3598 1322 3649 Du

319 3679 407 3742 cccco
419 3672 552 3730 scholares
559 3675 663 3730 lundis
673 3690 727 3731 ema
736 3675 893 3730 arbitratur.

352 3769 377 3813 ².
393 3760 512 3826 Moecha
520 3774 567 3815 scu
578 3763 707 3827 napata,
720 3758 830 3814 adilina
838 3758 1015 3816 Numidorum
1021 3760 1165 3831 mum
1176 3783 1191 3810 ι
1199 3760 1321 3833 oblonga,

317 3843 435 3896 incurvis
445 3845 513 3895 tecta
521 3841 657 3909 latoribus,
666 3843 740 3911 quasi
749 3843 859 3899 navium
866 3844 963 3910 tofina,
972 3866 986 3894 a
995 3843 1091 3902 mullis
1101 3848 1129 3901 ol
1136 3843 1190 3901 viis
1198 3849 1226 3901 cl
1233 3844 1323 3902 undu

318 3923 478 3980 vccabulum
490 3941 571 3981 snum
579 3926 651 3996 apud
661 3927 736 3982 Altos
746 3928 904 3998 imposuero.

351 4018 376 4065 a.
392 4013 465 4078 Acta,
478 4013 522 4068 111.

352 4101 376 4148 ⁴.
392 4094 482 4150 Victor
493 4096 618 4163 vitensis,
632 4097 654 4163 l,
670 4103 731 4164 5,p
747 4100 770 4148 8.
