3300 5272
707 674 763 735 DE

226 812 601 1053 sineno
684 889 1201 1053 urrunnu

605 1203 643 1244 ΕΤ
662 1200 700 1244 DE
717 1199 859 1244 PRIMAEVA

394 1375 796 1467 GARTHAGINIENSI
824 1374 1061 1465 autumn.

527 1855 687 1938 curun
714 1806 924 1938 rniuuu.

221 2080 258 2127 tte
266 2082 421 2128 mnsam
429 2082 531 2136 arrian,
543 2082 573 2128 tn
585 2082 705 2127 amuda
713 2084 848 2136 imaeque
859 2086 972 2138 tauta.
990 2085 1099 2143 nultus,
1109 2087 1232 2133 marttm

613 2157 695 2206 atque
705 2154 841 2199 tutttntts

671 2336 779 2358 -n-

272 2538 302 2607 Α
321 2536 414 2624 Caio,
432 2536 629 2609 Germanici
647 2534 731 2623 lilio,
747 2559 852 2632 quem
872 2538 1121 2609 Mauretaniam
1141 2536 1227 2609 duas

222 2661 257 2731 in
270 2672 384 2756 partes
398 2658 526 2732 Plinius
539 2659 697 2733 divisisse
711 2659 883 2733 deelarat¹
898 2659 941 2732 ad
954 2660 1223 2750 Diocletianum,

222 2806 292 2880 quo
316 2794 469 2876 auctora,
501 2785 613 2880 inquit
638 2786 836 2857 Lactantius
846 2795 874 2865 ²,
900 2798 939 2857 ut
963 2787 1080 2857 omnia
1101 2795 1230 2858 terrore

222 2907 457 3004 implerentur,
479 2908 666 3004 prouincia
688 2909 782 2982 velut
806 2909 841 2982 in
860 2909 974 2981 frusta
996 2920 1099 2982 secta
1124 2920 1227 2999 suut,

222 3046 370 3130 quatuor
392 3033 427 3106 in
447 3033 567 3106 Airiea
586 3034 772 3130 provincia
791 3033 951 3122 luerunt,
975 3033 1229 3130 proconsularis

222 3158 388 3230 nimirum
404 3158 476 3230 sive
491 3159 693 3256 Zeugitana,
713 3157 889 3248 Numidia,
916 3159 1131 3230 Mauretania
1144 3159 1227 3229 'lin-
1351 3176 1352 3180 ’

222 3283 338 3380 gitana
351 3304 392 3353 aa
407 3281 622 3355 Mauretania
640 3282 871 3354 Caesariensis.

271 3405 407 3503 Duplex
427 3407 598 3502 imprimis
616 3405 796 3479 hominum
816 3429 947 3503 genus,
965 3430 1045 3478 eum
1067 3405 1229 3478 dirorum
1273 3418 1282 3435 ‘

221 3532 258 3602 in
294 3530 427 3615 animos
456 3529 679 3627 Evangelium
708 3532 864 3626 irrepsit,
891 3529 1007 3603 alebat
1030 3529 1090 3602 illa
1116 3539 1231 3616 terra,-

221 3654 368 3729 alterum
385 3654 516 3727 scilieet
533 3653 760 3727 barbarorum
774 3656 832 3750 qui
845 3657 937 3752 vagi,
952 3653 1119 3752 palantes,
1136 3675 1230 3724 eam·

221 3779 456 3875 posinteriore
478 3779 513 3850 in
531 3779 670 3877 regione
699 3780 782 3852 situs
804 3780 998 3876 praesertim
1027 3777 1226 3875 frequenta-

222 3900 326 3994 bant,
349 3903 476 4000 quique
495 3903 678 3976 etiamtum
697 3901 930 3978 Numidarum
954 3901 1226 3997 Maurorumque

258 4112 280 4155 t.
298 4107 399 4157 Hister.
412 4110 517 4165 netur„
532 4105 565 4169 V,
580 4114 604 4158 t.

255 4196 279 4239 a.
300 4192 336 4239 De
350 4192 433 4241 Morte
446 4203 559 4255 perrea,
573 4189 627 4251 l'tl,
642 4194 665 4240 t.
