3300 5272
464 519 471 531 ·
556 490 791 543 rr'scursauor
819 493 930 544 narro.
1180 477 1252 547 tet

288 624 331 697 4⁰
364 621 614 697 Tertullianum
648 622 797 721 denique
830 623 985 697 imitatus
1019 635 1071 697 cst
1109 636 1251 716 auctor,
1303 640 1306 645 ’

239 749 366 846 quippe
389 749 448 845 qui
470 749 652 844 conscripti
676 748 721 821 ab
749 774 788 822 eo
822 750 1088 842 tie-Spectaculis
1112 746 1192 822 libri
1220 759 1254 820 et

239 878 362 946 sensus
373 878 410 944 'et
423 870 531 945 rerba
543 871 620 969 ipsa
631 872 757 968 saepins
773 881 978 945 consecutus
995 873 1056 960 sit3
1064 876 1138 968 jam
1153 895 1249 962 vero,

238 986 566 1084 ut-pr'obetnmest,
585 987 796 1061 Tertulliano
809 987 865 1061 ille
882 989 931 1061 uti
948 986 1032 1060 solet
1053 997 1080 1060 ¹.

204 1176 224 1190 .,
277 1112 626 1207 Nobisreroobjiciet
636 1113 1039 1211 Geillariusoperisbujns
1048 1112 1252 1184 memoriam

236 1235 369 1309 nnllam
389 1256 580 1334 usurpasse
603 1236 761 1308 Pontium
791 1236 993 1327 tliaconum3
1027 1233 1088 1306 sed
1107 1232 1251 1332 singulis

237 1362 398 1459 Cypriani
421 1362 550 1435 chartis
579 1359 672 1433 baud
692 1360 823 1434 studuit
847 1338 989 1432 Pontius
1022 1360 1100 1449 iste,
1134 1368 1251 1455 utpote

235 1486 298 1581 qui
317 1488 587 1560 Testimoniorum
605 1488 756 1560 sinceros
773 1486 882 1560 libros
899 1487 1041 1559 omniuo
1061 1485 1250 1583 praetermi-

235 1612 330 1682 serit.
361 1615 523 1684 Attamen
548 1613 694 1710 hujusce
720 1611 826 1685 libelli
858 1613 1086 1708 paucissimos
1112 1609 1249 1684 codices

235 1758 418 1831 superesse
425 1742 502 1832 jore
520 1736 692 1834 significat
706 1737 865 1810 Balesius
883 1747 911 1809 ².

218 1913 220 1918 .
261 1860 587 1950 ‘verumenimvero
623 1859 860 1933 fervidissimae
899 1861 1049 1959 regionis
1089 1855 1243 1952 incolas,

233 1982 372 2057 ruentis
386 1986 523 2082 imperii
542 1986 648 2076 cives,
676 1987 813 2084 ingenia
831 1985 980 2083 bellique
994 1997 1029 2058 at
1047 1985 1178 2059 cruoris
1193 1986 1246 2056 in*-

232 2133 315 2183 ssne
333 2112 486 2183 amantis
504 2134 573 2183 non
601 2114 685 2184 setis
698 2111 842 2208 juvabat
861 2134 972 2184 scenae
994 2109 1243 2208 spectaculum.

232 2236 320 2306 Ante
341 2235 470 2326 omnia,
493 2233 703 2333 gladiatoriae
725 2239 1003 2327 commissiones,
1030 2237 1141 2309 circus
1164 2257 1259 2306 son-1

230 2356 332 2452 guine
354 2355 506 2429 humano
527 2358 705 2451 imbutus,
733 2359 1032 2456 Carthaginienses
1049 2359 1146 2430 uiros
1171 2355 1246 2430 slli-

230 2500 329 2570 cere,
350 2479 542 2573 delectere,
563 2480 726 2555 detinere.
747 2484 943 2571 Quinetiam
966 2486 1024 2579 qui
1048 2482 1198 2554 exanimi
1223 2503 1246 2552 a

229 2626 372 2700 corpore
388 2603 589 2695 abhorrent,
609 2609 666 2703 qui
683 2610 718 2680 in
735 2609 861 2705 plateis
878 2620 980 2705 atquo
998 2609 1033 2679 in
1047 2608 1114 2678 viis
1130 2607 1246 2678 homi-

112 2745 119 2752 ’
229 2749 291 2798 nee
308 2741 549 2822 compescunt,
572 2731 601 2800 si
620 2729 758 2826 quando
776 2753 902 2803 manus
922 2742 1117 2821 conssrant,
1136 2731 1174 2820 ii,
1196 2729 1244 2801 ait

228 2851 471 2943 Tertullianus,
489 2884 511 2917 =«
532 2855 788 2951 amphitheatro
807 2855 930 2928 deroso
953 2866 988 2928 et
1007 2854 1186 2952 dissipate,
1209 2866 1244 2927 et

227 2976 262 3048 in
276 3001 341 3050 suo
349 2980 521 3075 sanguine
533 2980 728 3076 squalentia
737 3000 881 3078 corpora
889 2981 1150 3079 patientissimis
1159 3003 1243 3053 ocu·

226 3097 522 3174 lisincumbunt3.
538 3136 553 3167 ι
577 3106 642 3193 Qui
656 3107 765 3203 igitur
782 3105 889 3194 domi,
906 3107 966 3202 qui
983 3106 1018 3177 in
1040 3107 1175 3178 civitate
1190 3105 1242 3176 io·

261 3367 284 3416 t.
302 3363 378 3419 Coni.
390 3366 562 3430 Tertullian,
582 3369 614 3419 dc
628 3370 799 3434 spectaculo,
812 3382 834 3420 c.
848 3367 882 3420 lll
894 3370 920 3418 et
930 3367 964 3430 X,
986 3371 1013 3419 ct
1023 3365 1145 3420 libellum
1159 3365 1241 3431 huno,

224 3459 246 3500 o
259 3447 292 3507 11,
302 3448 346 3513 IV,
357 3451 407 3501 eto

259 3532 365 3584 neoni.
376 3533 486 3593 tiaran„
494 3537 515 3587 t.
523 3535 546 3601 l,
553 3536 580 3586 et
589 3535 685 3603 Migoe
690 3536 836 3599 Potrotoo„
846 3541 865 3587 t.
875 3535 919 3593 tlt,
927 3547 952 3601 p.
959 3547 1026 3600 neit,
1035 3537 1083 3601 qni
1092 3534 1242 3588 multorum

153 3631 155 3635 ’
223 3615 352 3684 Cypriani
362 3622 422 3671 tum
430 3633 514 3672 mann
524 3620 682 3688 scriptorum
692 3625 750 3673 tum
756 3619 829 3688 typis
838 3619 1026 3672 mandatorum
1033 3618 1117 3673 codic.
1128 3618 1241 3673 indicem

222 3697 363 3754 dederunt.
382 3703 411 3754 ln
423 3701 492 3755 Bibl.
505 3704 596 3756 Cesar.
616 3702 714 3756 litteris
725 3703 879 3756 uncialibus
899 3704 1016 3757 romanis
1033 3708 1157 3756 exemtus
1172 3701 1242 3776 liber

222 3772 372 3838 ascematus
383 3787 472 3852 (num.
485 3793 546 3854 Μ,
558 3788 711 3858 suppilat„
723 3787 788 3841 olint
804 3788 894 3843 Senoti
906 3789 1040 3850 Germana
1054 3792 1132 3842 antea
1141 3787 1239 3842 coislin

222 3871 297 3934 erat).
318 3869 404 3932 Quem
417 3870 548 3925 nimirum
565 3874 610 3926 vu
622 3873 725 3926 circiter
742 3873 831 3926 secuti
850 3889 904 3927 esse
921 3874 950 3926 in
964 3873 1051 3943 prima
1069 3873 1167 3941 pagina·
1182 3872 1241 3927 lde·

223 3947 352 4005 billonius
361 3951 417 4021 ipse
429 3953 581 4010 declaravit.
595 3957 673 4011 uutti
684 3962 772 4011 tamen
785 3958 818 4010 ad
835 3959 857 4012 v
871 3956 912 4010 vel
926 3956 958 4010 ad
973 3957 1006 4012 Ν
1019 3956 1146 4012 montom
1160 3955 1241 4012 illum

223 4033 389 4091 relerendum
399 4053 453 4093 esse
462 4039 634 4094 arbitrantur.
648 4043 676 4096 ln
689 4057 719 4095 co
731 4041 923 4095 haudbabetur
936 4045 1012 4095 Ltter
1024 4043 1057 4094 cte
1070 4038 1239 4107 spectamus.

260 4125 284 4170 3.
307 4124 343 4172 De
354 4125 528 4189 spectaculis,
540 4141 563 4179 c.
575 4128 643 4180 XXl.
