3300 5272
526 444 720 504 ΒΑΒΡΙΟΥ
747 445 1015 507 ΜΥΘΙΑΜΒΟΣ
1041 447 1097 521 4E.

406 612 550 690 Κάκεῖνος
567 605 704 690 έστέναζε
722 614 760 681 τὸ
779 614 881 705 στόμα
898 616 1016 708 βρόχων
1031 641 1037 655 ·

407 739 484 825 ὑμοῢ
508 731 566 826 γὰρ
586 736 678 801 αὑτὸν
694 734 785 824 λιμὸς
806 731 866 826 εἶχε
885 738 935 802 καὶ
949 740 1045 806 λύπη.

407 857 506 922 Πόλιν
523 848 558 922 δὲ
573 851 671 949 κερδὼ
690 859 863 925 καθικέτευε
876 862 1034 949 φωνήσας,

404 975 496 1046 οἷλλον
518 982 576 1046 τιν’
592 985 682 1072 εὑρεῖν
703 973 842 1075 δεύτερον
859 973 948 1048 δόλον
967 980 1072 1072 θήρης.

403 1090 432 1170 H
455 1096 482 1169 δ’
498 1099 562 1170 εἷπε
584 1109 733 1179 κινήσασα
761 1107 902 1190 βυσσόθεν
920 1108 1060 1198 γνώμην·

405 1259 417 1281 υ
432 1230 578 1297 Χαλεπὸν
594 1234 718 1308 κελεύεις
739 1229 838 1316 αὖθις,
861 1234 930 1298 ἀλλ’
953 1236 1134 1324 ὑπουργήσω
1148 1259 1175 1293 ¹.

403 1353 467 1419 Καὶ
488 1346 527 1428 δὴ
546 1360 617 1421 κατ’
637 1352 736 1446 ἴχνος,
759 1361 798 1433 ὡς
818 1359 893 1444 σοφὴ
914 1357 1013 1438 κύων,
1035 1355 1096 1446 ᾔει,

403 1481 558 1547 πλέκουσα
578 1483 687 1569 τέχνας
706 1479 757 1545 καὶ
773 1480 954 1574 πανουργίας
971 1478 1089 1557 πείσας·

403 1597 449 1669 ἀεὶ
467 1596 496 1669 δ’
513 1605 641 1669 ἕκαστον
663 1606 814 1694 ποιμένων
834 1606 992 1695 ἐπηρώτα,

403 1730 447 1818 μή
463 1727 520 1792 πού
540 1751 586 1803 τις
608 1727 719 1816 ἔλαφος
737 1727 921 1818 ᾑματωμένη
941 1729 1057 1820 φεύγει·

406 1852 460 1923 την
481 1840 509 1914 δ’
533 1853 572 1924 ώς
592 1874 637 1925 τις
658 1839 740 1932 εἶδε,
759 1840 900 1916 δεικνύων
920 1842 1088 1944 ἀνωδήγει,

404 1974 457 2050 ἕως
478 1971 547 2038 ποθ’
569 1969 649 2062 εὗρεν
669 1976 698 2040 ἐν
714 1972 868 2059 κατασκίῳ
885 1975 975 2064 χώρῳ
1213 1957 1230 2017 5

404 2085 526 2189 δρόμων
549 2091 776 2185 ἄναψύχουσαν.
799 2079 828 2160 H
848 2086 878 2159 δ’
896 2086 1047 2173 ἀναιδείης

402 2217 494 2310 ὀφρὺν
511 2217 623 2306 ἔχουσα
640 2216 691 2282 καὶ
710 2216 851 2307 μέτωπον
872 2215 1015 2290 εἱστήκει.

403 2329 529 2431 Ελοίφου
552 2331 586 2404 δὲ
605 2332 674 2431 φρὶξ
692 2342 815 2431 ἐπέσχεν
832 2336 899 2405 ὦτα
922 2338 974 2405 καὶ
990 2345 1123 2431 κνήμας,

402 2466 478 2555 χολη
497 2453 527 2527 δ’
545 2456 640 2540 έπέζει
660 2454 804 2556 καρδίην·
825 2464 879 2554 ἔφη
900 2454 929 2528 δ’
953 2465 1051 2529 οὑτω·

406 2587 475 2655 «Σὺ
492 2597 542 2653 νῦν
562 2579 679 2665 διώκεις
702 2597 863 2678 πανταχοῦ
881 2612 936 2678 με,
956 2587 1007 2653 καὶ
1025 2590 1133 2680 φεύγω.

405 2700 522 2795 «Ᾰλλ’,
546 2708 570 2776 ὦ
592 2713 755 2803 στύγημα,
775 2721 824 2777 νῦν
845 2712 898 2801 μὲν
920 2708 987 2801 οὑχὶ
1004 2714 1175 2802 χαιρήσεις,

405 2861 418 2884 ν
433 2835 468 2907 ήν
490 2860 541 2926 μοι
554 2833 720 2927 προσέλθῃς
743 2832 794 2899 καί
812 2858 844 2898 τι
862 2828 968 2927 γρύξει
988 2838 1155 2926 τολμήσρς.

405 2984 419 3009 ¹¹
434 2943 546 3035 Ᾰλλοις
562 2952 729 3034 ἀλωπέκιζε
750 2955 810 3033 τοῖς
827 2957 1018 3047 ἀπειρήτοις·

402 3107 415 3131 υ
432 3076 544 3157 ἄλλους
565 3071 601 3146 δὲ
626 3083 758 3164 βασιλεῖς
774 3075 926 3172 ὑπερέθιζε
947 3078 997 3146 καὶ
1015 3079 1094 3148 ποίει
1110 3108 1134 3146 ν.

405 3203 466 3282 Τῆς
488 3195 587 3271 δὀὐκ
605 3203 731 3296 ἐτέρφθη
751 3205 864 3296 θυμός·
884 3205 953 3269 ἀλλ’
969 3196 1168 3291 ὑπούλήδην,

408 3326 547 3404 υΟὑτως
569 3327 721 3420 οίγιννήςν
742 3326 832 3417 φησί,
853 3359 866 3384 κ
882 3325 933 3392 καὶ
954 3321 1049 3418 φόόου
1068 3325 1184 3418 πλήρης

407 3483 420 3507 ι
437 3452 588 3543 πέφυκας,
609 3453 691 3517 οὑτω
711 3449 781 3527 τοὺς
800 3451 903 3541 φίλους
919 3452 1113 3536 ὑποπτεύεις,

405 3603 417 3626 υ
436 3561 465 3641 O
485 3577 536 3667 μὲν
555 3576 630 3641 λέων
646 3601 693 3642 σοι
712 3579 903 3670 συμφέροντα
927 3579 1094 3661 βουλεύων,

404 3725 418 3752 ²
435 3699 552 3793 μελλων
571 3705 599 3766 τ’
620 3699 738 3793 ἐγείρειν
752 3711 804 3779 τῆς
819 3693 957 3794 πάροιθεν
973 3699 1111 3784 νωθείης,

277 4091 317 4138 49.
332 4088 441 4139 suidas:
463 4090 556 4154 βρόχων
576 4091 629 4146 τοὺς
646 4090 740 4148 ὀδόντας
762 4093 776 4140 ὑ
861 4094 899 4138 63.
919 4094 947 4149 Α,
959 4089 1038 4153 γρύξαι
1056 4105 1092 4146 τι,
1113 4087 1220 4150 spondeo
1239 4088 1359 4138 horribssi.

243 4167 310 4217 λέων.
325 4170 386 4226 Quae
399 4173 457 4218 ειιιιῑ
471 4169 509 4218 νεῖ
526 4183 580 4219 esse
597 4169 712 4220 videntur
729 4170 776 4220 Ιιιιο
829 4168 915 4218 suidas
929 4182 935 4215 :
948 4168 1040 4232 γρύξαι·
1059 4168 1212 4231 φθέγξασθαι,
1233 4168 1322 4233 κράξαι.

242 4248 375 4298 reserenda.
388 4249 425 4298 cf.
438 4247 468 4296 ad
478 4248 536 4299 Fab.
548 4255 588 4310 9⁶,
598 4254 621 4300 ³.
860 4251 899 4297 64.
917 4246 1003 4298 suidas
1015 4267 1021 4296 ι
1033 4247 1192 4310 ἀλωπεκίζειν,
1203 4249 1297 4299 ἐπὶτῶν
1311 4248 1358 4303 ἰξα-

273 4330 312 4376 54.
326 4333 354 4389 λ,
365 4328 397 4390 μή
408 4345 454 4378 που
465 4340 509 4385 τις.
827 4332 903 4391 πατᾷν
913 4328 1087 4392 ἐγχειρούντων.

273 4411 311 4456 57.
330 4411 359 4468 Δ,
368 4407 414 4465 ἠδ’.
858 4414 897 4456 06.
914 4405 999 4457 suidas
1011 4426 1017 4456 ι
1030 4407 1171 4466 ὑποόλήὺην·
1183 4407 1308 4456 ὑποθσλὼν
1319 4406 1356 4455 λό’
