3300 5272
655 437 829 517 'uacari
855 456 1024 528 riuum
1059 455 1217 515 lxxvii.
1451 467 1504 517 111

388 642 485 706 eques
500 643 539 684 ex
552 621 683 709 publico
704 644 771 687 non
787 621 923 710 amplius
943 622 1086 708 accepit,
1108 635 1186 685 tunc
1198 640 1302 710 equus
1314 622 1375 687 iste
1391 625 1507 711 smpius

387 764 427 804 ex
454 743 543 830 sylva
568 717 691 807 crassos
716 742 757 808 ad
785 743 898 807 urbem
926 740 1108 806 deducebat
1132 758 1282 826 truncos,
1307 766 1344 808 ac
1360 746 1508 811 mercede

388 888 470 929 onus
488 867 563 930 alias
578 866 667 931 aliud
682 866 821 948 fc'rebat,
837 866 955 930 vilibus
969 888 1008 928 ex
1019 865 1146 954 stipulis
1160 881 1343 930 sustentans
1357 869 1506 933 animam.

389 991 530 1056 Clitellas
542 990 639 1056 etia'm
654 991 752 1074 dorso
770 991 1017 1081 gestabat‚‚non
1027 993 1094 1076 jam
1110 992 1272 1079 ephippia.

434 1114 479 1178 Ut
501 1138 577 1179 vero
600 1091 799 1180 rursusiante
814 1117 932 1180 moenia
951 1138 1071 1179 novum
1087 1116 1235 1179 insonuit
1250 1115 1372 1180 bellum
1381 1164 1390 1195 ,
1405 1116 1510 1194 jussit·

391 1261 454 1325 que
473 1238 552 1303 tuba
576 1241 702 1305 cunctis
725 1233 858 1328 clypeos
883 1237 1065 1327 detergere,
1083 1261 1194 1302 curare
1221 1261 1321 1326 equos
1338 1255 1369 1303 et
1387 1240 1509 1304 ferrum

389 1385 523 1446 acuere,
547 1386 666 1452 equum
686 1362 839 1427 dominus
852 1363 924 1445 ille,
941 1364 1062 1449 injecto
1079 1365 1195 1444 fraeno,
1215 1361 1368 1451 produxit
1384 1365 1510 1428 inscen-

390 1509 495 1551 sums.

432 1613 492 1675 Ast
518 1634 619 1699 equus
644 1610 777 1706 obliquo
800 1601 1005 1676 claudicabat
1021 1608 1131 1700 pede,
1149 1633 1218 1674 non
1243 1611 1379 1699 amplius
1402 1612 1510 1676 valens

390 1731 530 1814 viribus,
545 1732 689 1821 dixitque
704 1756 712 1796 :
727 1764 739 1789 a
755 1735 936 1797 Accenseto
952 1733 1086 1822 hoplitis
1102 1749 1134 1796 te
1151 1730 1323 1821 peditibus.
1340 1732 1406 1816 Qui
1424 1735 1510 1798 enim

389 1887 401 1910 α
419 1878 458 1919 ex
473 1857 562 1944 equis
577 1854 618 1920 ad
635 1857 742 1921 asinos
759 1879 812 1920 me
828 1856 1034 1938 transtulisti,
1060 1879 1125 1943 quo
1149 1880 1261 1921 rursus
1275 1855 1376 1922 modo
1392 1880 1509 1946 equum

387 2007 401 2033 α
418 2001 456 2041 ex
472 1979 562 2042 asino
581 1979 796 2067 merestitues
812 1980 845 2042 u?

435 2267 511 2331 Non
529 2266 663 2329 omuino
689 2267 894 2353 praesentium
910 2267 1005 2331 unice
1028 2288 1136 2330 rerum
1156 2289 1266 2331 curam
1290 2289 1359 2332 csse
1384 2268 1510 2333 haben-

391 2389 466 2455 dam
478 2389 576 2455 docet
591 2389 716 2470 fabula,
731 2389 788 2454 sed
803 2389 1039 2481 providentiam
1054 2414 1184 2480 quoque
1200 2391 1400 2474 futurarum3
1420 2395 1512 2478 cujus

391 2513 519 2602 quidem
545 2512 687 2577 defectus
705 2514 814 2578 multis
838 2514 1002 2578 multoties
1022 2537 1086 2579 non
1114 2512 1277 2579 mediocre
1293 2513 1446 2580 damnum
1463 2532 1510 2582 at·

392 2637 474 2702 tulit.

863 3138 1037 3207 LXXVII.

715 3469 885 3530 0011st
918 3469 972 3529 ET
1004 3469 1188 3529 VULPES.

436 3833 577 3910 Corvus,
597 3831 740 3895 retinens
756 3828 920 3894 mordicus
935 3844 1041 3893 rostro
1058 3850 1204 3907 caseum,
1223 3827 1337 3892 stabat.

389 4265 440 4328 jam
451 4264 551 4327 equino,
561 4261 604 4313 sed
616 4262 741 4312 asinino».
756 4262 817 4313 {llud
826 4263 923 4313 melius.
977 4277 1001 4325 p.
1024 4266 1078 4323 131,
1099 4265 1157 4323 131;
1173 4258 1290 4310 Plroedrus
1304 4266 1326 4323 1,
1341 4265 1377 4323 13;
1394 4263 1508 4326 Apuleius

427 4352 464 4398 16.
481 4346 567 4398 suidas
577 4364 583 4394 ι
594 4343 695 4405 ὀκλάζει,
707 4343 816 4407 zoticus.
976 4339 1152 4390 morimonte

424 4424 603 4476 11111111111111.
619 4423 690 4474 conl.
702 4429 789 4485 coray.
800 4421 850 4471 Feb
867 4425 913 4472 1111
1011 4427 1032 4470 1.
1048 4418 1149 4493 suidas:
1161 4415 1297 4481 διδηχότας,
1308 4416 1428 4474 δακόντα.
1497 4455 1500 4460 ,

1363 4545 1386 4580 lll
