3300 5272
486 524 770 578 xcitnrnronurnsrs
796 524 957 575 srsroarr.
1161 500 1223 573 117

226 652 390 750 proludit,
405 655 458 729 vir
476 678 544 753 quo
568 654 832 728 familiarissime
858 668 940 729 usus
966 662 1019 726 est
1036 650 1226 751 Cyprianus

226 789 355 868 nostor,
377 801 524 876 quocum
542 778 740 876 frequentes
759 801 824 876 per
841 773 1110 851 litteras‘habuit
1133 796 1226 848 corn·

159 964 162 969 .
226 902 405 993 mercium,
422 925 572 1000 quocum
585 900 750 999 denique,
774 900 838 974 Dei
861 900 1025 999 provisu,
1045 897 1117 973 dies
1133 897 1226 972 idem

227 1022 427 1098 lestussum
443 1036 610 1124 perpetua
625 1025 792 1098 memoria
803 1024 989 1123 conjungit.
1010 1022 1137 1096 Lucius
1144 1042 1226 1094 vero

226 1147 286 1243 qui
303 1170 326 1220 a
344 1140 509 1222 Romanis
530 1149 567 1221 iu
590 1147 681 1221 iilius
709 1148 823 1221 locum
851 1145 980 1221 electus
1004 1156 1068 1238 est,
1097 1155 1225 1241 tempo·

226 1293 304 1343 rurn
334 1270 481 1361 invidia,
509 1273 600 1345 intra
627 1295 759 1368 paucos
781 1292 936 1362 menses,
964 1269 1050 1343 etin
1068 1267 1226 1342 exsilium

226 1405 324 1468 actus
336 1397 553 1470 strestitutus
569 1397 606 1469 in
623 1394 763 1487 Urbem,
781 1418 802 1468 a
817 1376 950 1493 collega
965 1404 1028 1467 su‘o
1045 1391 1225 1490 Carthagi·

156 1604 159 1609 ι
227 1518 336 1591 niensi
359 1517 489 1593 litteras
522 1519 666 1616 accepit.
687 1520 754 1610 ita,
776 1519 812 1591 in
837 1516 1029 1590 durissimis
1045 1528 1226 1612 tempesta·

227 1640 339 1733 tibus,
354 1640 606 1738 intercapedine
625 1640 719 1714 nulla
737 1640 847 1732 iacta,
867 1664 1027 1714 romanos
1045 1640 1225 1738 episcopos

226 1764 388 1838 africanis
412 1767 462 1839 uti
482 1766 553 1840 iere
573 1763 771 1839 incredibile
798 1763 980 1858 videretur,
1006 1765 1086 1859 nisi,
1105 1786 1227 1837 monu-

225 1891 351 1963 mentis
371 1888 458 1963 edax
480 1901 631 1964 vetustas
647 1891 868 1988 pepercisset.
885 1891 992 1967 Nonis
1007 1900 1121 1962 autern
1135 1888 1226 1961 Mar·
1330 1950 1335 1959 .

225 2012 283 2104 tis,
303 2015 458 2111 martyrii
471 2015 622 2112 palmam
638 2014 744 2086 Lucio
768 2010 910 2112 adepto,
941 2012 1134 2109 Stephanus
1158 2012 1224 2083 Ec·
1298 2023 1300 2027 ‘

224 2135 338 2210 clesiae
360 2136 495 2212 clavum
513 2139 631 2210 tenuit.

271 2246 516 2335 Verumtamen
543 2263 578 2333 in
607 2259 778 2334 africanos
807 2260 1011 2334 christianos
1038 2261 1223 2333 saevissime

224 2359 348 2483 agebat
366 2385 604 2459 Demetrianus
622 2408 725 2483 quem
746 2384 986 2482 proconsulem
1008 2382 1063 2457 vel
1079 2406 1224 2481 procon-

223 2508 307 2581 sulis
328 2509 496 2583 vicarium
518 2498 862 2582 fuissear'bitrantur.
886 2512 989 2608 Cujus
1001 2508 1224 2582 immanitatis

224 2656 329 2705 causa
358 2632 425 2706 iuit
452 2631 658 2707 incredibilis
685 2634 751 2706 iste
780 2645 890 2707 terror
914 2633 971 2731 qni
1001 2633 1224 2706 humanitatis

192 2779 362 2853 ¹sensum
398 2755 514 2829 multis
546 2754 675 2830 adimit
711 2758 895 2831 Enimvero
924 2781 1028 2855 quam
1056 2756 1222 2830 latissime

223 2892 354 2953 metum
369 2879 544 2978 injiciebat
553 2879 759 2977 pestilentia.
776 2880 952 2978 AEthiopia
963 2892 1089 2973 ortum,
1103 2881 1221 2953 Asiam

222 3015 326 3102 atque
344 3006 511 3080 Graeciam
531 3005 666 3092 invasit,
683 3002 801 3077 incidit
815 3028 877 3103 per
888 3003 1010 3077 urbem
1023 3015 1058 3077 et
1068 3004 1221 3078 Africam

221 3129 358 3217 afflixit,
374 3127 555 3202 duodecim
573 3152 685 3202 annos
701 3130 847 3225 imperio
863 3129 1075 3228 depopulato,
1089 3128 1220 3201 malurn

220 3252 410 3326 insanabile
434 3263 462 3323 ¹.
491 3251 603 3325 Morbi
625 3252 715 3350 apud
729 3253 832 3326 Atros
853 3254 1047 3351 gravissimi
1069 3262 1103 3325 et
1122 3274 1219 3325 acer·

220 3374 354 3448 bissimi
392 3376 490 3472 signa
523 3407 536 3439 ι
574 3375 664 3472 quod
701 3378 853 3473 corporis
891 3378 981 3449 vires
1013 3374 1143 3451 solutus
1183 3379 1219 3449 in

220 3498 351 3573 fluxum
374 3510 492 3572 venter
512 3500 695 3593 eviscerat,
720 3499 811 3597 quod
840 3501 878 3573 in
904 3498 1057 3574 sancium
1081 3500 1220 3574 uulnera

220 3634 404 3719 conceptus
431 3619 630 3695 medullitus
650 3622 739 3721 ignis
758 3634 943 3716 exaestuat,
974 3623 1064 3722 quod
1082 3623 1220 3698 assiduo

174 3753 179 3766 '
220 3747 351 3820 vomitu
367 3746 527 3820 intestina
541 3747 751 3844 quatiuntur,
778 3747 870 3845 quod
886 3749 974 3822 oculi
991 3751 1024 3821 vi
1045 3749 1219 3847 sanguinis

220 3867 454 3962 inardescunt,
478 3868 571 3968 quod
589 3870 816 3966 quorumdam
835 3870 888 3943 uel
902 3870 1006 3968 pedes
1025 3871 1079 3945 vel
1097 3870 1219 3968 aliquae

255 4170 277 4216 t.
295 4160 369 4216 Ceut.
381 4160 532 4229 Tillemout,
545 4166 614 4216 Hert.
627 4161 727 4227 eccles,
740 4166 759 4213 t.
771 4160 811 4226 lv,
821 4175 845 4230 p.
862 4170 916 4215 tao.
