3300 5272
321 499 387 570 rut
474 532 478 549 ·
621 516 767 569 cnarrnr
790 515 1010 579 accnnsrnour.
1112 478 1120 489 ⁴

318 645 530 720 Christianos
548 642 703 721 adhiberi
731 646 945 720 severitatem
970 656 998 719 ¹.
1022 645 1179 721 Galerius
1202 656 1319 722 tamen

317 772 379 870 qui
391 827 401 866 ,
415 757 550 845 Uticam
563 769 999 861 collatus,Christianorum
1011 781 1161 870 stragem
1174 771 1316 864 fecerat,

318 892 534 969 valetudinis·
559 917 688 986 causa,
723 904 810 968 aestu
837 894 1002 984 fervente,
1035 895 1072 967 in
1104 895 1320 995 Carthaginis

317 1018 491 1116 quoddam
520 1017 737 1109 suburbium,
761 1017 854 1114 quod
872 1020 1012 1090 Secutum
1025 1017 1216 1111 uocabant,
1246 1040 1345 1113 sese,

319 1143 454 1240 recipit.
472 1141 570 1215 Multi
588 1153 704 1214 tamen
719 1141 785 1213 uiri
803 1140 1009 1239 amplissimi
1027 1152 1061 1216 et
1074 1141 1231 1215 homines
1250 1140 1321 1214 cla·

318 1266 446 1339 rissimi
470 1276 544 1339 tum
568 1287 691 1363 genere
712 1276 788 1338 tum
811 1265 929 1338 ordine
955 1287 1132 1339 secessum
1161 1266 1321 1362 episcopo

318 1389 481 1482 suadere;
499 1387 555 1462 ille
570 1402 687 1463 autern
706 1418 720 1453 ι
734 1394 808 1486 jam
824 1386 1004 1480 mundum,
1025 1387 1324 1488 suspensaedcoe·
1447 1406 1451 1412 ·

317 1511 390 1585 lum
416 1525 544 1604 mente,
569 1510 774 1609 neglexerat,
804 1535 868 1584 nec
893 1510 1043 1585 suadelis
1068 1510 1323 1585 blandientibus

320 1635 495 1709 annuebat
512 1638 540 1708 ².
562 1634 790 1732 n-ldeoque
805 1635 928 1709 Christi
937 1637 1118 1734 promissis
1134 1647 1320 1725 recreatus,

319 1758 558 1857 quotidielore
571 1770 612 1833 ut
628 1758 720 1833 adse
737 1759 892 1833 venirent
905 1759 1043 1833 lictores
1059 1759 1219 1857 sperabat
1237 1763 1267 1832 ⁸.

367 1883 484 1957 ldibus
511 1884 616 1983 igitur
640 1882 864 1980 septembris,
899 1907 989 1956 anuo
1020 1907 1125 1971 cour,
1153 1885 1266 1957 Fusco
1290 1892 1325 1955 et

321 2010 427 2081 Besso
451 2031 559 2100 coss.,
588 2038 602 2074 a
622 2018 763 2104 repente
789 2007 1023 2080 veneruntad
1047 2031 1125 2080 eum
1152 2008 1324 2106 principes

321 2130 403 2221 duo,
435 2156 525 2205 unus
550 2144 677 2206 strator
702 2132 808 2205 oflicii
827 2131 953 2205 Galerii
983 2133 1146 2225 maximi,
1174 2144 1210 2205 et
1236 2130 1325 2204 alius

322 2256 530 2353 equistrator
549 2277 571 2326 a
592 2253 757 2328 custodiis
774 2253 924 2352 eJusdem
940 2254 1046 2326 oflicii
1060 2256 1119 2352 qui
1137 2266 1172 2326 et
1191 2254 1226 2326 in
1245 2277 1325 2327 cur·

321 2378 470 2452 siculum
494 2402 573 2453 eum
598 2378 809 2469 levaverunt,
830 2379 866 2451 in
885 2376 1066 2475 medioque
1086 2388 1275 2476 posuerunt
1292 2388 1328 2449 et

320 2506 359 2575 in
377 2504 475 2575 Secti
504 2502 752 2600 perduxerunt.
776 2534 789 2568 r
810 2505 930 2599 Neque
946 2525 1027 2575 vero
1041 2526 1082 2575 eo
1102 2500 1156 2574 die
1174 2495 1328 2574 tribunal

322 2625 408 2699 adiit
420 2625 616 2723 proconsul,
636 2625 698 2700 sed
716 2650 791 2699 rem
805 2628 840 2699 in
855 2627 1043 2699 crastinum
1058 2618 1202 2699 distulit.
1222 2624 1329 2697 Thas-

323 2751 398 2822 cius
423 2750 594 2822 tamenin
621 2752 777 2847 proximo
799 2774 822 2822 a
841 2762 968 2824 stature
989 2762 1152 2849 exceptus
1174 2761 1225 2822 est
1246 2749 1328 2822 bos·

323 2874 421 2970 pitio.
443 2874 527 2961 Quae
549 2884 589 2946 ut
616 2871 709 2945 lama
731 2886 767 2947 ct
787 2872 962 2947 auditione
980 2875 1102 2972 vulgus
1121 2874 1265 2970 accipit,
1285 2870 1328 2946 ad

324 2997 423 3069 illum
438 2995 587 3092 undique
600 2998 826 3070 concurritur.
843 2998 931 3085 Quia
943 3021 1017 3070 sese
1030 2997 1329 3095 frequentissimus

324 3119 474 3194 effundit
488 3119 647 3217 populus,
661 3117 784 3216 puellis
800 3133 879 3193 aute
894 3119 985 3193 aedes
998 3121 1280 3218 pernoctantibus
1290 3134 1330 3192 ut

322 3243 389 3314 uiri
418 3242 553 3340 egregie
580 3240 698 3316 fideles
727 3243 920 3333 consulant,
939 3243 1055 3340 jussit.
1083 3245 1225 3315 Postero
1256 3239 1326 3333 die,

323 3365 504 3441 hominum
539 3388 667 3464 magna
706 3366 899 3463 frequentia
935 3364 1179 3459 circumdatus,
1207 3376 1331 3464 praeto·

325 3490 416 3564 rium
433 3486 537 3587 petit.
556 3489 611 3562 De
630 3513 689 3563 reo
702 3491 933 3587 questionem
947 3489 1171 3588 magistratus
1185 3490 1328 3564 babere.

331 3618 421 3687 ‚Tu
445 3636 497 3707 es,
524 3613 649 3712 inquit,
679 3613 845 3687 Thascius
871 3614 1076 3713 Cyprianus.
1108 3645 1122 3681 r
1150 3617 1330 3711 Responso

327 3737 419 3826 dato,
442 3768 455 3800 ι
475 3750 526 3827 tu,
542 3739 601 3827 ait,
616 3761 739 3835 papam
756 3749 791 3812 te
805 3738 980 3837 sacrilegae
994 3740 1121 3812 mentis
1136 3735 1343 3813 hominibus·

363 3947 385 3995 t.
402 3945 489 4007 Epist.
503 3941 627 3994 Lxxxu.

360 4032 384 4076 a.
402 4023 522 4088 Pontius,
539 4024 605 4078 xlv.

359 4115 383 4161 ³.
402 4112 465 4162 Actu
479 4112 604 4175 cupreae.
