3300 5272
740 530 779 580 er
804 530 972 580 scuranum
997 529 1106 578 namo.
1361 509 1428 580 145

414 667 536 730 natum
555 658 593 729 ¹?
622 689 635 722 ι»
671 655 717 729 Ηί
753 668 853 731 erant
886 657 995 756 igitur
1025 668 1109 731 tunc
1139 660 1305 756 temporis
1337 658 1428 757 apud

417 784 594 856 Romanos
618 779 706 872 beri,
723 781 853 854 saeuitia
875 781 1055 871 teterrimi,
1071 780 1172 854 alieni
1198 780 1424 874 humanitate,

415 917 450 978 et
468 929 489 978 a
506 906 672 1003 patientie
688 904 827 1003 quidem
843 904 942 980 valde
963 905 1203 980 abhorrentes.
1224 938 1238 972 «
1262 907 1424 1005 ldeoque,

404 1030 523 1126 ‘inquit
544 1029 755 1120 Macrobius,
785 1027 829 1102 ad
857 1028 992 1102 rabiem
1018 1052 1082 1102 nos
1104 1043 1232 1128 cogunt
1250 1034 1427 1128 peruenire

412 1151 563 1244 deliciae,
583 1164 624 1228 ut
648 1150 818 1251 quidquid
847 1176 917 1226 non
946 1176 989 1226 ex
1016 1152 1193 1228 uoluntate
1222 1154 1424 1253 respondet,

410 1278 499 1351 iram
518 1278 742 1375 furoremque
761 1268 893 1353 evocet.
917 1278 1023 1352 Domi
1047 1279 1140 1351 enim
1163 1280 1298 1352 animos
1316 1279 1428 1354 indui·

409 1426 490 1477 mus
508 1415 754 1502 tyrannorum3
781 1415 818 1476 et
838 1425 907 1474 non
924 1416 1095 1500 quantum
1116 1401 1231 1490 decet,
1247 1403 1308 1477 sed
1324 1427 1429 1502 quan·

408 1538 484 1601 tum
501 1526 600 1618 libet,
628 1550 790 1600 exercere
817 1527 980 1600 volumus
1009 1526 1047 1599 in
1064 1549 1197 1601 servos.
1219 1529 1323 1620 Nam,
1347 1541 1428 1603 sunt

408 1653 481 1749 qui,
496 1648 581 1725 dum
595 1662 723 1726 caetera
737 1650 951 1725 crudelitatis
965 1674 1093 1749 genera
1107 1662 1326 1748 praeteream,
1344 1677 1425 1726 cum

408 1798 446 1850 se
475 1798 605 1850 mensae
633 1776 743 1874 copiis
775 1787 811 1848 et
838 1775 1005 1849 aviditate
1028 1774 1240 1869 distendunt,
1276 1779 1425 1851 circum-

407 1899 580 1975 stantibus
597 1901 706 1974 servis
726 1921 866 1974 movere
884 1899 985 1973 labra
1003 1921 1048 1973 ne
1066 1900 1102 1973 in
1118 1899 1187 1974 hoe
1208 1900 1359 1999 quidem,
1387 1916 1426 1977 ut

408 2025 605 2125 loquantur,
632 2024 737 2100 licere
761 2025 979 2123 permittunt.
1007 2025 1113 2124 Virga
1136 2051 1239 2102 omne
1263 2053 1424 2104 murmur

406 2152 661 2249 compescitur3
691 2161 727 2223 et
757 2172 801 2222 ne
830 2149 974 2223 fortuita
1004 2147 1145 2248 quidem
1170 2152 1243 2225 sine
1272 2153 1423 2229 verberi·

405 2275 473 2351 bus
492 2285 638 2374 excepta
664 2285 758 2348 sunt.
779 2275 919 2368 Tussis,
943 2285 1266 2368 sternutamentum,
1290 2278 1421 2374 singul·

404 2411 462 2476 tus
476 2423 604 2500 magno
625 2399 720 2473 malo
739 2397 882 2472 luitur².
904 2431 918 2465 s
946 2431 961 2465 ι
984 2398 1195 2492 lnlelieibus,
1212 2407 1287 2500 jam
1306 2402 1421 2479 aiebat

399 2527 549 2618 Seneca,
572 2526 681 2600 seruis
707 2548 848 2600 movere
872 2524 972 2599 labra
988 2549 1032 2600 ne
1055 2527 1092 2598 in
1114 2527 1182 2601 boc
1203 2527 1358 2626 quidem,
1382 2543 1421 2605 ut

402 2650 587 2749 loquantur
597 2650 699 2743 licet3
713 2650 812 2749 uirga
825 2673 984 2746 murmur
999 2672 1103 2723 omne
1116 2654 1363 2749 compescitur;
1382 2667 1419 2728 et

400 2800 444 2850 ne
467 2777 611 2852 fortuita
626 2775 767 2875 quidem
785 2775 987 2851 verberibus
1004 2788 1148 2874 excepta
1166 2788 1265 2870 eunt,
1293 2780 1411 2869 tussis,

399 2912 722 2994 sternutamentum,
745 2901 940 3000 singultus,
968 2923 1097 3000 magno
1120 2899 1214 2974 malo
1235 2901 1307 2975 ulla
1328 2925 1412 2977 voce

399 3023 651 3122 interpellatum
666 3023 841 3099 silentium
854 3023 982 3118 luitur;
1003 3036 1105 3100 nocte
1120 3036 1195 3099 tota
1209 3028 1320 3125 jejuni
1334 3051 1411 3103 mu·

398 3150 493 3249 tique
518 3141 743 3247 persiana.»

449 3368 526 3425 Pone
539 3381 650 3423 crucem
663 3381 752 3424 servo.
766 3366 869 3424 meruit
881 3382 936 3440 quo
948 3366 1064 3423 crimine
1076 3381 1171 3425 servm

448 3454 641 3528 Supplicium?
655 3454 724 3524 Quia
735 3455 812 3511 testis
822 3454 909 3524 adest,
922 3455 987 3527 quis
999 3454 1116 3514 detulit?
1126 3487 1163 3499 -
1177 3457 1259 3515 Audi.

447 3542 529 3600 Nulla
541 3556 665 3614 uuquam
673 3541 708 3598 de
720 3550 811 3599 morte
824 3542 945 3599 bominis
957 3543 1095 3600 cunctatio
1108 3545 1189 3620 longa
1201 3553 1253 3603 cst

447 3634 473 3691 0
485 3630 611 3700 demens,
623 3631 663 3688 ita
674 3646 770 3688 servm
781 3630 867 3689 homo
880 3635 941 3690 est?
953 3632 998 3689 Nil
1013 3631 1117 3704 lecerit,
1130 3643 1200 3693 esto.

449 3725 511 3780 Hoc
524 3722 598 3788 volo,
614 3721 655 3778 sic
663 3720 761 3795 jubeo,
774 3719 812 3778 sit
823 3735 873 3795 pro
886 3721 995 3780 ratione
1006 3721 1161 3781 noluntasl.

431 3949 454 3996 t.
472 3943 551 4010 liber
563 3941 601 3995 ad
612 3946 821 4007 martanam,
834 3958 858 3998 e.
868 3943 936 3998 v111.

429 4035 452 4080 ².
470 4029 621 4093 saturnal,
633 4027 654 4081 l.
664 4029 683 4087 1,
695 4043 720 4082 e.
729 4042 770 4082 xa.
800 4035 802 4038 ⁴

428 4116 454 4162 ³.
472 4113 775 4180 Adbuctltrtm‚XLVll.
792 4113 869 4169 conl.
883 4116 916 4167 dc
930 4119 988 4180 Ira,
1004 4117 1036 4182 ll,
1049 4126 1091 4183 πᾶ,
1103 4120 1172 4172 etde
1184 4121 1263 4172 cum.
1279 4120 1299 4188 l,
1312 4128 1348 4173 te.

429 4203 454 4251 t.
473 4195 596 4251 Juvenal.
615 4202 673 4251 sot.
685 4198 730 4252 v1.
747 4199 779 4253 V.
798 4206 856 4252 tte.

1250 4301 1290 4362 {0
