3300 5272
883 363 1028 422 tatuit
1061 366 1231 425 r‘attitt
1264 367 1334 426 illl.
1631 381 1646 426 3

548 529 652 579 ·ratae
671 538 826 581 seorsum.
856 517 919 582 Sed
940 543 1052 610 agrum
1070 520 1184 585 deveni
1206 521 1440 610 hominumque
1455 522 1620 588 domicilia

548 639 632 704 «ubi
648 641 888 715 contubernalis
905 643 1000 706 nobis
1020 660 1053 707 et
1075 645 1177 708 amica
1195 646 1458 710 commoraberis.
1477 647 1642 712 Subdialer

548 795 559 818 ι
576 763 723 853 relinque
734 766 845 848 vitam,
864 781 897 829 et
914 765 999 855 apud
1013 767 1161 832 homines
1179 769 1240 832 sub
1255 767 1371 832 eodem
1383 785 1469 834 tecto
1484 771 1644 859 tegulisqu

547 886 687 952 «habita
705 890 766 953 sub
793 889 925 953 eisdem.
955 890 1043 972 Quid
1061 907 1092 954 te
1109 907 1266 957 nocturna
1283 893 1399 956 irrorat
1417 910 1518 957 noctu
1538 896 1630 982 pruin
1649 940 1650 949 a

548 1043 559 1066 ι
574 1026 607 1075 et
632 1013 696 1075 urit
720 1028 837 1096 aestus,
865 1030 1045 1103 cunctaque
1069 1017 1246 1080 silvestrem
1265 1017 1450 1083 macerant?
1466 1019 1525 1082 Eia
1542 1042 1615 1109 age,
1632 1036 1644 1082 t

546 1165 559 1189 ι
574 1133 675 1222 ipsam
692 1134 854 1223 prudente
872 1159 1022 1201 sermone
1037 1138 1142 1226 qualis
1157 1141 1199 1202 sis
1215 1139 1350 1204 ostende
1365 1172 1390 1204 ν.

592 1295 651 1357 Cui
678 1294 816 1359 vicissim
843 1311 953 1384 arguta
970 1297 1118 1359 Luscinia
1134 1295 1301 1385 respondit
1327 1321 1333 1361 :
1364 1330 1376 1353 κ
1393 1300 1429 1362 ln
1444 1299 1577 1388 rupibus
1593 1302 1641 1363 sin

550 1442 760 1483 «remaneam
776 1418 932 1502 desertis,
953 1444 1059 1508 neque
1080 1444 1132 1484 me
1158 1421 1322 1484 montanis
1350 1421 1494 1486 abducas
1515 1423 1632 1487 saltibu

545 1545 651 1609 «Post
666 1546 828 1627 Athenas,
858 1547 1026 1610 hominem
1043 1546 1151 1635 fugio,
1186 1547 1274 1635 fugio
1295 1562 1326 1610 et
1345 1547 1469 1611 arbem.
1491 1547 1578 1611 ¹Mihi
1607 1548 1638 1611 d(

544 1700 557 1722 κ
570 1690 641 1730 mus
657 1668 762 1731 onmis
781 1669 1032 1757 mortaliumque
1044 1671 1274 1732 commercium
1293 1663 1439 1731 dolorem
1458 1669 1650 1756 pristinarur

546 1825 557 1846 a
573 1790 754 1856 redulcerat
768 1794 986 1858 calamitatum
1001 1826 1021 1856 ιι.

590 1951 740 2014 Solamen
758 1950 920 2038 quoddam
941 1967 989 2014 est
1007 1949 1130 2014 adversi
1148 1951 1204 2013 fati
1227 1973 1333 2013 sermo
1353 1956 1498 2039 sapiens,
1517 1950 1650 2013 acilius

544 2076 709 2163 turbaeque
725 2076 821 2162 fuga3
838 2077 988 2139 moestitia
1000 2098 1088 2156 vero,
1107 2076 1133 2138 si
1151 2074 1277 2161 aliquis,
1295 2076 1373 2138 olim
1387 2074 1518 2138 fortuna
1531 2073 1649 2137 llorens

543 2201 673 2265 humilis
699 2224 807 2264 rursus
836 2223 947 2263 coram
975 2201 1038 2263 illis
1061 2214 1215 2287 appareat
1237 2200 1431 2287 quibuscum
1456 2213 1504 2260 est
1527 2198 1637 2260 habita

543 2343 644 2389 tttruS.

587 2538 685 2623 Quod
710 2539 757 2602 illi
781 2539 886 2627 prosit
910 2538 1058 2623 injuriam
1088 2535 1142 2623 qui
1171 2557 1282 2623 passus
1309 2549 1358 2598 est
1383 2534 1495 2623 procul
1520 2557 1536 2597 a
1562 2535 1642 2597 rebu

473 2659 477 2669 ⁸
541 2666 652 2728 abesse
666 2686 735 2752 qnae
749 2663 936 2725 memoriam
952 2660 1105 2724 refricant
1122 2659 1293 2722 malorum.

573 2978 609 3023 15.
627 2978 661 3034 Α,
673 2973 763 3031 arsita.
784 2971 872 3034 scripsi
887 2983 916 3020 ex
934 2983 979 3018 asu
989 2969 1067 3027 στίόη.

538 3049 640 3100 suidas:
655 3051 741 3110 στὶὄη,
757 3052 855 3112 πηγυλὶς
874 3051 890 3109 ἢ
908 3049 994 3112 πάχνη.
1015 3054 1069 3098 Non

539 3129 813 3195 ρΙωεῑνυκτὸςέννυχος.
827 3129 917 3189 Malim,
929 3145 957 3178 nt
1006 3129 1068 3177 ἔννυ-

538 3226 589 3274 χον.

571 3297 609 3340 it.
627 3295 661 3350 t,
682 3288 798 3354 ἀγρὼτην.
821 3293 860 3338 ist
887 3288 987 3351 ἀγρὸτης
1009 3285 1068 3336 Bab.

540 3367 1068 3433 13,1;31,1;37,5;ὰγρώστηςῖ11).11(ὶ,

538 3455 559 3498 1.
575 3451 608 3499 ut
618 3462 658 3498 me
666 3446 805 3511 expedirem
817 3447 959 3497 annuntia
972 3459 1021 3495 non
1032 3444 1069 3495 ni·

536 3528 595 3590 lida,
607 3528 692 3591 scripsi
701 3527 809 3592 ἀγρῶτιν.
823 3527 902 3576 Malim
912 3527 985 3576 etiam
993 3527 1068 3592 ὰγρῶ·

536 3625 597 3657 στιν.
607 3614 698 3658 Forsan
715 3611 741 3658 ei
758 3607 833 3657 πάντα
852 3608 881 3656 τ’.
903 3605 956 3667 Vel,
974 3604 1068 3665 iniiam

536 3687 612 3737 πάντα
623 3687 747 3751 δ’(1111σ’)
759 3687 875 3751 ἀγρῶστιν
886 3686 959 3744 τήκει.

567 3773 597 3816 to
606 3802 614 3828 ,
624 3773 651 3817 11
662 3802 670 3824 ,
683 3766 772 3816 absunt
781 3766 812 3816 ab
824 3765 905 3815 culitis.
917 3771 946 3827 Α,
959 3762 1065 3828 ὀρχάδος.

537 3845 656 3908 Rescripsi
668 3846 773 3911 ὀργάδας.
791 3847 832 3896 ist
842 3843 940 3908 ὸρχάδος
951 3844 1067 3894 alienum.

535 3923 641 3974 suidas:
656 3924 741 3988 ὀργὰς,
757 3924 787 3973 τὰ
804 3923 917 3987 λοχμώδη
933 3924 973 3972 καὶ
990 3919 1067 3987 ὀρεινὰ

535 4003 612 4068 χωρία
622 4005 663 4052 καὶ
673 4005 717 4053 οὐκ
726 4003 896 4067 &pantapten
910 4001 983 4056 οὕτως
992 4001 1067 4048 καλεῖ-

535 4099 581 4130 ται.
589 4082 675 4132 Slaiim
685 4081 824 4146 Αχωρὶσῃς.
839 4081 928 4144 Scripsi
936 4079 1065 4144 χωρίσσῃς.

535 4162 671 4211 ttduisseru
684 4159 788 4224 reperire
799 4160 891 4225 χώριζε.
904 4158 1066 4221 talipiacus

533 4241 591 4290 Fab.
605 4246 657 4303 107,
671 4245 699 4304 73
709 4242 796 4290 ποσσὶν
808 4243 884 4302 ta‚t;
899 4243 988 4301 15,11.

566 4326 603 4372 11.
617 4328 654 4380 Α,
666 4323 707 4370 καὶ
721 4320 829 4383 inimic.
846 4319 967 4381 Rescripai
980 4315 1067 4366 mellus

1122 2971 1191 3030 puio,
1204 2968 1331 3030 χήπίμιξις.
1344 2965 1423 3027 miti,
1435 2967 1488 3025 ἦτι
1498 2966 1566 3028 μίξις.
1582 2973 1645 3016 Brun

1122 3045 1203 3108 cirins,
1214 3047 1256 3108 qui
1266 3045 1332 3094 bunc
1343 3045 1471 3108 apologum
1482 3042 1584 3092 inseruit
1595 3051 1646 3093 aaa

1122 3126 1240 3176 lectorum
1248 3122 1463 3174 emendationibus
1475 3136 1499 3186 p.
1514 3127 1569 3183 311,
1581 3122 1646 3171 aiidi

1123 3205 1205 3269 nescio
1218 3204 1292 3264 unde,
1304 3206 1319 3262 ἡ
1332 3200 1426 3264 ’πίμιξίς
1440 3200 1610 3264 stammas·
1625 3214 1638 3248 c

1123 3456 1204 3493 nasses
1214 3448 1248 3491 De
1258 3439 1401 3491 aristandro
1412 3436 1561 3487 etcaliitbea
1572 3442 1595 3496 5,
1609 3441 1636 3485 13

1122 3524 1179 3574 Οἵδε
1187 3524 1227 3572 καὶ
1236 3521 1280 3586 γὰρ
1290 3519 1402 3586 ἀκρόασις
1419 3518 1517 3582 θλίψεων
1527 3515 1641 3578 mospius

1122 3603 1232 3667 Συγχὲειν
1242 3602 1294 3657 τοὺς
1303 3600 1431 3653 ἀκούοντας
1440 3599 1480 3646 καὶ
1495 3600 1613 3658 maasia
1623 3597 1650 3644 εἰ

1121 3684 1212 3740 πένθος,
1220 3681 1253 3730 Τὸ
1264 3682 1306 3742 μὲν
1317 3677 1505 3734 ὓπαναξαίνουσα
1511 3676 1551 3731 τὰς
1560 3676 1584 3725 ἐν
1593 3675 1640 3723 ἐκεί

1121 3777 1168 3818 νοις
1180 3761 1285 3815 πάθας...

1153 3841 1243 3901 11,15,
1256 3843 1296 3897 at,
1307 3839 1346 3898 17,
1356 3834 1448 3884 absunt
1459 3832 1489 3881 ab
1500 3831 1581 3881 editis.

1153 3923 1191 3967 16.
1201 3920 1230 3977 Α,
1238 3917 1299 3973 λύπη
1309 3914 1333 3963 ti
1342 3913 1410 3961 ὅτ’ἀν
1419 3928 1452 3966 τις
1462 3911 1577 3960 adalardis
1585 3911 1642 3972 ὀφθῇ

1119 3996 1208 4059 Scripsi
1219 3997 1239 4044 δ’
1254 3995 1318 4052 ὅταν,
1335 3992 1417 4041 additu
1429 3990 1510 4048 πάλαι,
1523 3989 1648 4052 implenti⁸

1120 4090 1205 4127 versus
1218 4085 1349 4124 mensuroe.

1151 4161 1190 4208 17.
1207 4162 1236 4212 Δ,
1248 4153 1289 4201 ὧν.
1303 4150 1393 4214 scripsi
1404 4151 1447 4207 οἷς.

1152 4243 1179 4287 tn
1197 4231 1372 4291 allabrilaiione
1389 4229 1461 4279 velim
1478 4229 1553 4279 scribi
1572 4230 1638 4292 papia

1121 4333 1166 4363 arna
1177 4318 1223 4363 τῶν
1233 4317 1323 4361 κακῶν.
