3300 5272
814 408 963 468 BABRH
989 407 1274 468 FABULAIAV.
1549 418 1599 470 lm

529 574 592 657 Qui
612 605 625 629 a
639 568 673 638 Si
694 573 773 638 mihi
797 589 862 638 tres
876 603 889 628 υ
915 572 982 654 ait,
1012 593 1153 658 «easque
1168 593 1259 635 veras
1275 570 1394 636 dixeris
1416 573 1606 653 sententias,

482 721 566 786 ·per
584 698 706 762 Panem
726 697 799 761 ritae
813 719 940 785 parcam
957 712 1020 760 tuae
1031 726 1052 759 ι.
1117 766 1120 772 Δ

526 822 646 910 Vulpes
668 837 806 886 contra:
833 822 993 884 «Utinam
1012 820 1154 908 primum
1175 842 1241 884 non
1265 818 1381 885 fuisses
1406 821 1533 885 obviam
1562 822 1607 887 fa·

481 960 577 1009 «ctus
593 944 688 1008 mihi!
717 944 823 1025 Dein,
848 943 971 1007 utinam
996 944 1186 1006 occurrisses
1212 945 1332 1008 caecus!
1362 944 1404 1006 Et
1428 967 1526 1033 super
1553 945 1603 1009 his

483 1102 496 1125 ι
512 1069 625 1155 habe·
646 1070 753 1156 inquit
773 1071 928 1132 «tertiam
946 1091 953 1133 :
973 1069 1098 1132 utinam
1122 1090 1190 1132 non
1208 1065 1248 1133 ad
1266 1069 1418 1133 seriorem
1435 1069 1604 1157 pervenias

482 1212 655 1276 «aetatem,
672 1217 733 1259 neo
749 1194 830 1258 mihi
847 1192 956 1258 denuo
973 1193 1102 1257 obviam
1120 1214 1266 1257 occurras
1283 1195 1311 1255 u!

526 1414 623 1498 Quod
640 1413 827 1502 saepiuscule
850 1436 889 1477 eo
913 1414 979 1477 sint
1001 1413 1101 1478 modo
1125 1415 1372 1479 circumstantiae
1390 1438 1498 1480 rerum
1515 1438 1604 1481 com·

483 1554 620 1628 parata,
640 1555 677 1603 ut
690 1539 742 1603 vel
756 1538 1071 1628 praetersententiam
1087 1537 1221 1604 tacenda
1237 1563 1308 1627 quae
1323 1538 1442 1603 suntin
1458 1554 1602 1627 apertum

481 1663 657 1750 proferant.

992 2009 1086 2090 le.'

801 2278 1036 2338 EUNUCllUS
1067 2278 1125 2337 ΕΤ
1155 2277 1276 2337 ΡΟΡΑ.

524 2568 668 2632 Accessit
688 2567 857 2633 eunuchus
886 2566 926 2633 ad
952 2591 1070 2658 popam
1092 2569 1132 2634 de
1157 2569 1267 2635 liberis
1295 2568 1510 2634 consulturus.
1540 2571 1601 2633 Cui

479 2712 581 2778 popa,
609 2691 700 2778 quasi
724 2691 885 2781 ignoraret
915 2691 1139 2773 dissimulans,
1167 2692 1329 2774 «Quum»
1356 2692 1462 2780 inquit
1491 2693 1600 2757 «istos

478 2845 491 2870 α
505 2813 622 2898 video,
647 2813 684 2878 lis
702 2830 808 2903 pater3
832 2838 931 2904 quum
958 2832 1065 2881 autem
1083 2817 1197 2881 faciem
1217 2819 1346 2882 intueor
1370 2831 1475 2898 tuam,
1493 2840 1535 2882 ne
1551 2817 1601 2881 vir

478 2937 636 3025 «quidem
653 2959 721 3002 esse
740 2935 858 3003 videris
869 2969 891 3003 υ.

523 3159 561 3221 In
579 3180 635 3222 eos
651 3158 707 3245 qui
720 3173 794 3223 vota
809 3155 850 3223 de
864 3160 960 3224 rebus
973 3159 1113 3240 faciunt,
1130 3182 1202 3247 quae
1216 3182 1284 3224 uon
1297 3160 1418 3226 debent
1432 3176 1487 3225 aut
1501 3161 1598 3226 etiam

479 3280 601 3369 alioqui
616 3304 682 3346 non
702 3298 840 3370 possunt
861 3282 939 3348 fieri.
1019 3304 1022 3309 ’

477 3651 599 3715 tutetur..
610 3649 676 3699 adde
684 3650 881 3700 Maithiaenottm
891 3651 921 3700 ad
932 3652 1008 3714 lphig.
1095 3656 1118 3701 3.
1130 3659 1158 3712 Α,
1168 3653 1203 3701 ὅτ’
1214 3655 1241 3703 ἂν
1252 3654 1293 3716 μὲν
1304 3653 1355 3703 elne
1363 3654 1413 3703 αὺτ’
1422 3654 1476 3703 liu.
1487 3661 1522 3703 An
1535 3656 1598 3705 bene

476 3729 530 3779 Aul.
547 3735 600 3791 122,
617 3732 642 3779 et
660 3743 716 3791 quae
727 3729 778 3792 ipse
790 3731 872 3779 monui
891 3731 921 3780 ad
933 3731 1008 3780 Theo·
1063 3733 1210 3781 correxerim
1223 3732 1328 3782 muitum
1339 3732 1433 3782 dubito.
1455 3734 1536 3782 Potuit
1553 3740 1597 3784 llu-

474 3807 601 3870 pltylactea
615 3813 655 3871 Ep.
671 3812 697 3858 17
709 3822 716 3855 :
727 3811 759 3870 μὴ
769 3808 844 3859 ἵκοιτο
854 3809 938 3872 elimo
949 3809 1009 3858 Λεύ·
1063 3811 1159 3860 nocitus
1169 3812 1199 3860 do
1209 3811 1290 3861 liberis
1307 3825 1370 3874 quos
1384 3825 1466 3860 sucum
1483 3813 1596 3874 ‹luxeral,

472 3903 567 3942 κιππος.
585 3887 740 3937 fabulatores
757 3888 857 3950 prosaici
879 3889 1007 3938 forminiani
1061 3889 1196 3953 adoptatis,
1215 3890 1353 3948 contulero,
1370 3893 1395 3940 et
1410 3891 1493 3947 αὐτοὺς
1505 3903 1595 3941 conve-

474 3964 673 4015 uabrianamnon
684 3965 860 4028 intelligebant,
870 3967 908 4016 cui
919 3980 963 4030 pro
974 3969 1007 4017 in·
1063 3968 1125 4022 nien
1137 3967 1169 4018 ds
1179 3967 1298 4017 habendis
1307 3969 1396 4031 potuit,
1408 3971 1432 4018 et
1444 3968 1494 4031 jtrn
1510 3969 1535 4018 iu
1544 3970 1597 4019 αὐτ·

473 4044 1596 4111 mmmmmwmmmmmmfflmm

473 4127 501 4184 τῇ
513 4123 563 4186 ὥρᾳ
578 4124 650 4186 ταύτῃ
670 4125 772 4187 tione...
794 4127 906 4189 μηδαμῶς
923 4128 949 4177 tt
966 4133 1007 4187 τῆς
1061 4126 1171 4187 memini,
1183 4125 1226 4175 sed
1243 4139 1309 4175 nuuc
1323 4139 1363 4175 ine
1375 4126 1436 4188 fugit
1451 4127 1530 4190 locus,
1546 4141 1597 4190 quo

473 4203 534 4266 ὥρας
545 4202 629 4259 somn:
639 4202 668 4252 τὸ
680 4206 770 4265 (fiscos
784 4205 816 4265 μὴ
826 4203 990 4269 insepultum.
1062 4206 1135 4255 ltlotl
1145 4205 1243 4266 ungulo.

506 4284 527 4327 1.
546 4283 575 4341 Α,
594 4280 871 4344 uenantumscnpsi
887 4282 1007 4347 κῳαπλά·
1093 4290 1121 4333 ln
1135 4282 1310 4334 affabulationo
1328 4297 1372 4348 pro
1396 4287 1433 4348 sl,
1446 4287 1544 4349 quoda
1560 4291 1599 4338 to·-

473 4374 525 4415 ms
1062 4363 1496 4425 nummmmstmmmmmmm
