3300 5272
513 446 797 499 ctnruturnrnnsrs
821 447 984 498 ursrnurr.
1183 427 1249 502 125

248 571 437 671 praebuisti.
475 573 638 649 »Deinde
658 598 681 648 c
704 575 851 649 Thascio
880 575 1105 649 caerimoniari
1133 574 1248 675 jubet.

249 697 349 785 Quod
371 720 451 773 cum
473 709 626 798 negaret,
661 700 807 773 concilio
826 698 1087 773 habitcutmus
1105 712 1179 775 erat
1196 725 1252 776 rc·
1372 794 1377 802 ἱ

247 823 360 896 manis
388 822 613 921 presidibus,
633 824 708 898 haec
723 822 847 897 habuit
866 823 1023 898 Galerius
1049 824 1246 898 Maximus:

253 976 268 1012 c
290 949 361 1022 Diu
382 949 550 1045 sacrilega
571 959 685 1022 mente
711 947 845 1037 vixisti,
865 958 901 1019 et
916 946 1082 1045 plurimos
1108 946 1251 1023 nefarias

247 1069 312 1144 tibi
329 1072 591 1170 conspirationis
612 1071 770 1145 homines
793 1071 998 1170 aggregasti,
1020 1082 1055 1145 et
1071 1073 1251 1147 inimicum

247 1205 284 1267 te
307 1193 372 1267 diis
392 1195 545 1268 romanis
562 1205 597 1267 et
613 1195 721 1267 sacris
736 1192 872 1292 legibus
894 1195 1114 1288 constituisti,
1135 1206 1251 1269 necte

106 1311 109 1316 ’
249 1319 298 1416 pii
317 1329 353 1391 et
373 1317 594 1392 sacratissimi
611 1318 782 1414 principes
799 1315 1003 1391 Valerianus
1021 1328 1057 1391 et
1076 1317 1251 1394 Gallienus

248 1440 410 1540 Augusti,
434 1451 470 1514 et
489 1440 690 1514 Valerianus
711 1439 944 1515 nobilissimus
962 1443 1089 1532 Caesar,
1113 1439 1158 1514 ad
1176 1464 1251 1515 sec·
1330 1485 1333 1489 ·

247 1576 321 1639 tam
346 1566 622 1640 caerimoniarum
643 1587 784 1638 suarum
804 1586 963 1639 revocare
989 1576 1185 1663 potuerunt.
1205 1566 1253 1638 Et

247 1688 341 1782 ideo,
369 1713 451 1764 cum
479 1690 528 1763 sis
556 1690 846 1786 nequissimorum
869 1690 1053 1763 criminum
1074 1698 1195 1763 auctor
1217 1701 1252 1764 et

103 1826 111 1854 ·“
248 1813 391 1912 signiter
411 1811 666 1910 deprehensus,
688 1812 756 1885 eris
776 1813 852 1910 ipse
868 1809 1073 1887 documento
1090 1813 1145 1887 his
1163 1835 1251 1909 quos

249 1937 377 2011 scelere
391 1949 450 2010 tuo
467 1947 583 2010 tecum
597 1937 810 2035 aggregasti3
826 1938 991 2035 sanguine
1004 1948 1065 2010 tuo
1080 1937 1253 2011 sancietur

248 2059 442 2161 disciplina.
464 2091 479 2127 ι
499 2058 631 2151 Quibus
647 2060 761 2153 dictis,
782 2062 986 2135 sententiam
1000 2084 1045 2134 ex
1056 2059 1178 2134 tabula
1196 2083 1251 2133 re·

248 2185 388 2259 citauit:
408 2186 584 2263 Thracium
596 2186 802 2280 cyprianum
817 2185 931 2277 gladio
943 2187 1164 2259 animadverti
1172 2186 1252 2280 plc-
1387 2175 1391 2185 ’

248 2321 308 2385 cet.
332 2309 394 2382 tui
409 2330 492 2381 uero
509 2318 668 2406 martyr:
688 2338 703 2374 ι
726 2309 801 2382 Deo
820 2310 948 2407 gratias
962 2310 988 2381 ¹.
1014 2339 1028 2374 s

297 2432 480 2524 Continuo,
504 2455 633 2531 magna
650 2432 879 2507 circumfusus
904 2431 1119 2506 multitudine
1139 2454 1253 2506 arma·

249 2558 360 2653 tisque
385 2557 650 2654 circumseptus,
683 2555 726 2632 ad
753 2557 895 2629 Sextum
912 2578 1033 2655 agrum
1048 2554 1252 2629 mactandus

248 2678 439 2754 deducitur.
456 2682 581 2752 meam
594 2700 677 2752 uero
690 2679 944 2753 circumsistere
960 2676 1114 2776 peditum
1131 2680 1252 2777 ingens

247 2802 392 2901 globus3
408 2800 548 2901 plurimi
560 2803 597 2875 in
610 2801 751 2877 arbores
764 2799 958 2877 ascendere.
978 2804 1066 2877 Tum
1085 2800 1253 2877 Thascius

249 2926 440 3025 Cyprianus
470 2925 623 3000 medinm
658 2926 695 3000 in
725 2948 889 3024 campum
921 2948 1136 3026 progressus,
1174 2926 1254 3001 ruia

248 3058 370 3124 exutus
398 3049 555 3143 lacerna,
587 3050 698 3147 capite
725 3049 889 3124 inclinato
921 3050 1132 3150 genibusque
1153 3048 1252 3125 flexis

249 3177 364 3248 Deum
380 3174 560 3270 precari²;
579 3172 713 3267 deinde,
734 3173 920 3247 dalmatica
937 3174 1050 3270 posita
1063 3196 1168 3271 quam
1180 3171 1253 3248 dia·

248 3298 328 3371 coni
335 3308 549 3395 receperunt,
565 3297 761 3372 carnificem
774 3298 1005 3396 exspectavit3
1022 3298 1174 3395 quicum
1188 3295 1251 3370 ad·

247 3420 334 3514 tuit,
362 3420 484 3520 uiginti
514 3420 666 3519 quinque
692 3445 815 3496 aureos
836 3423 869 3496 ei
880 3422 985 3521 jussit
1008 3432 1143 3520 martyr
1161 3419 1249 3495 dari.

248 3546 359 3643 Caput
382 3541 523 3618 tandem
542 3543 610 3619 sibi
627 3542 772 3620 obduxit
789 3545 877 3620 uitta
891 3568 998 3644 quum
1015 3542 1181 3620 diaconus
1195 3556 1253 3619 at-

248 3667 578 3767 quehypcdiaeonus
589 3668 759 3768 ligarunt3
771 3680 864 3769 post,
880 3669 1114 3744 sanctissimus
1135 3669 1253 3745 ctior-

248 3792 402 3866 tissimus
413 3792 467 3865 vir
477 3794 589 3866 securi
602 3816 787 3892 percussus
798 3804 865 3867 est.

280 3959 307 4089 d.
321 3953 591 4107 droitsatlnuffldm
599 4050 686 4103 more3
705 4035 775 4091 unul.
785 4035 1081 4109 dsPulytarpoSmym.
1090 4034 1155 4092 eccl.
1166 4035 1252 4106 epist..

247 4120 304 4175 xlv
313 4124 341 4176 el
350 4121 405 4188 XV,
414 4118 494 4175 αὐτοῦ
506 4122 682 4189 πληρώσαντας
691 4121 737 4183 τὴν
750 4121 834 4190 εὐχήν.
