3300 5272
222 455 275 504 164
475 443 665 507 ΒΑΒΡΙΟΥ
696 444 965 508 ΜΥΘΙΑΜΒΟΣ
997 449 1065 508 ΠΗ.

259 636 275 684 5
376 607 406 688 ί)
425 613 460 689 δὲ
474 633 529 701 τῆς
549 624 677 717 ἀρούρης
694 614 867 709 δεσπότης,
886 626 1082 707 ίποπτεύων,

379 751 418 823 ὡς
435 737 522 837 ξηρὸν
539 737 601 812 εἶδε
620 747 656 813 τὸ
675 746 777 839 θέρος,
796 742 876 813 εἷπε·
898 751 989 815 «Νῦν
1006 752 1066 839 ὥρη

378 867 524 949 «πάντας
543 864 647 937 λαύεῖν
667 896 719 962 μοι
737 873 809 950 τοὺς
828 872 950 964 φίλους,
969 873 1005 936 ἵν’
1024 872 1133 962 ἀφήσω
1149 900 1173 934 ι.

373 992 438 1061 Καί
454 1018 499 1072 τις
518 984 648 1086 κορυδοῦ
666 1003 728 1059 τῶν
749 995 931 1089 λοφηφύρων
947 987 1067 1062 παίδων

375 1119 481 1190 ἤκουεν
497 1121 608 1203 αὑτοῦ,
627 1128 673 1204 τῷ
689 1143 724 1185 τε
742 1118 838 1212 πατρὶ
853 1121 975 1209 μηνύει,

375 1245 495 1307 σκοπεῖν
512 1244 638 1307 κελεύων
657 1253 716 1309 ποῦ
735 1244 828 1333 σφίας
847 1246 1044 1334 μεταστήσω.

371 1349 400 1429 O
419 1355 449 1428 δ’
467 1359 562 1432 εἶπεν·
581 1393 594 1417 ε
612 1367 710 1433 Ούπω
727 1366 830 1456 καιρός
849 1371 915 1435 ἐστι
933 1377 982 1433 νῦν
1002 1368 1133 1460 φεύγειν·

373 1483 430 1564 «ὃς
449 1486 507 1580 γὰρ
524 1487 620 1578 φίλοις
637 1488 778 1556 πέποιθεν
798 1493 854 1556 ούκ
872 1486 949 1584 σίγαν
966 1482 1089 1557 σπεύδει
1107 1510 1129 1555 ⁹³.

372 1597 417 1687 ίλς
432 1606 515 1688 αὖθις
536 1606 644 1695 ἦλθεν,
662 1611 749 1684 ἡλίου
774 1600 804 1676 δ’
821 1613 873 1678 ὑπ’
892 1611 1023 1678 ἀκτίνων

372 1723 433 1805 ἤδη
455 1736 562 1824 ῥέοντα
581 1737 632 1801 τὸν
650 1734 767 1830 στοῖχον
790 1735 958 1828 θεωρήσας,

372 1855 478 1947 μισθὸν
499 1859 553 1949 μὲν
573 1857 744 1950 ύμητῆρσιν
764 1861 865 1953 αύριον
886 1854 1034 1949 πέμψειν,

369 1980 475 2071 μισθὸν
495 1971 530 2046 δὲ
551 1982 628 2047 πᾶσι
645 1972 912 2075 δραγματηφύροις
931 1974 1039 2050 δώσειν

367 2099 448 2187 εἷπε,
469 2094 639 2195 κορυδαλὸς
657 2105 745 2171 παισὶ
760 2106 894 2183 νηπίοις·
916 2083 1053 2184 «ὅντως

370 2253 381 2276 ¹«
397 2236 447 2292 νῦν
466 2231 547 2294 ε’στιν
567 2232 650 2320 ὥρη,
668 2219 794 2314 παῖδες,
816 2229 955 2322 α’λλαχοῦ
976 2231 1115 2322 φεύγειν,

370 2377 382 2399 ν
398 2352 445 2417 ὅτ’
468 2351 559 2428 αὐτὸς
582 2356 685 2440 αὐτῷ,
703 2358 757 2420 κού
776 2352 906 2443 φιλοισι,
922 2356 1068 2420 πιστεύει.

259 2605 288 2685 O
306 2621 397 2712 μῦθος
420 2612 560 2689 δίδασκει
575 2629 655 2715 ἡμᾶς
669 2623 874 2714 ἐπιμελεῖσθαι
890 2630 951 2688 τῶν
963 2620 1096 2705 οἰκείων,
1112 2622 1164 2694 &m
1185 2613 1327 2713 δύναμις,

206 2742 258 2809 καί
274 2747 315 2834 μὴ
331 2750 547 2836 καταφρονεῖν,
566 2747 747 2838 θαρροῦντας
764 2748 833 2824 ταῖς
847 2754 909 2813 τῶν
928 2744 1022 2836 φιλων
1038 2735 1233 2835 συνδρομαῖς.

239 3156 273 3202 1³.
288 3158 317 3213 A,
330 3156 361 3209 ὡς
371 3151 740 3211 αύτις.8ι1ηιοίαὗθιςεκίσθιι1ίι
793 3172 854 3215 πειν,
871 3154 953 3215 μισθὸν
965 3155 991 3203 δὲ
1003 3160 1061 3204 πᾶσι
1073 3154 1267 3219 δφαγματοφύροις
1279 3154 1323 3202 δώ-

206 3231 300 3282 ωΙΙεισ.
793 3249 852 3283 σειν.
869 3231 1034 3293 ΒΙοιοΐιεΙθίιιο
1047 3231 1132 3281 maluit
1150 3231 1256 3281 scribere
1266 3232 1325 3292 ἀμη-

240 3316 276 3360 15.
294 3319 323 3372 Δ,
343 3313 426 3374 μισθὸν
442 3313 484 3376 μὲν
499 3313 642 3379 ἀμυνιῆρσιν
661 3312 740 3378 αὔριον
793 3316 872 3376 τὴρσι,
888 3311 952 3374 qnod
972 3310 1082 3361 firmatur
1098 3323 1173 3372 prava
1191 3309 1238 3359 mei
1258 3315 1275 3358 Α
1292 3310 1325 3359 Ιο-

204 3391 299 3451 δύσειν,
308 3391 455 3457 Εῖπιιιοροδ.
465 3394 583 3442 Monstrat
591 3394 633 3455 μὲν
641 3392 741 3455 periisse
793 3388 873 3438 ctione
895 3388 1045 3454 ἀμονιῆρσιν.
1067 3387 1192 3438 mitorum
1224 3389 1324 3450 πέμψειν

205 3481 305 3519 versum
322 3483 395 3533 quem
412 3469 533 3522 restituie
548 3471 630 3521 fabula
641 3472 738 3532 οοΙΙιιιο,
792 3466 881 3530 recepi.
894 3466 939 3516 sed
953 3467 1066 3530 displicet
1076 3467 1100 3516 id
1113 3466 1224 3527 verbum,
1235 3470 1264 3515 ut
1274 3465 1324 3514 fere

206 3547 257 3611 ubi,
274 3551 358 3612 μισθὸν
376 3550 417 3612 μὲν
433 3551 563 3616 ἀμήτοφσιν
583 3553 662 3617 αύφιον
680 3554 738 3614 πέμ·
792 3544 875 3595 malim
887 3545 961 3609 ῐθΡθῒῙ
971 3547 1063 3596 δώσεῑν·
