3300 5272
320 472 366 545 50
623 491 664 541 oe
689 490 889 543 unumunurn
913 488 1035 540 srnrcn

317 621 465 693 Ecclesia
474 621 587 714 pacis,
614 620 763 692 Basilica
783 620 830 691 aei
851 630 920 715 octo
931 629 1106 714 martyres,
1121 618 1269 690 Ecclesia
1286 618 1332 689 ael

319 744 534 837 Stephanum,
550 754 586 815 et
598 742 765 839 templum
783 744 828 815 ad
845 743 969 837 vipiuti
985 753 1163 836 martyres.
1186 738 1330 815 Vandali

317 890 400 942 vero
416 867 677 967 Hipponensem
691 868 865 941 civitatem
884 865 1144 965 quatuordocim
1157 868 1329 939 mensium

318 994 428 1090 spatio
437 991 617 1066 obsessam
629 991 821 1090 incolisque
835 992 1035 1067 destitutam
1050 1002 1327 1065 concremarunt.

320 1118 427 1189 Victor
440 1118 579 1190 Vitrasia
589 1118 741 1189 Historia
758 1140 884 1211 perseo.
905 1116 1049 1188 Vaodal.
1076 1138 1112 1213 p.
1137 1116 1175 1205 6,
1192 1126 1229 1188 ot
1247 1112 1332 1187 uui-

318 1257 406 1339 nart,
428 1272 465 1345 p.
483 1248 570 1321 428.

367 1373 459 1444 Inter
471 1371 615 1469 hujusce
627 1371 776 1444 civitatis
786 1368 904 1443 ruinas
915 1380 1057 1467 reperta
1069 1365 1136 1443 fuit
1152 1369 1330 1466 inscriptio

317 1519 397 1594 quae
414 1494 514 1571 hodio
525 1498 562 1569 in
576 1494 790 1570 Bibliotheca
807 1498 963 1569 Caesnrea
975 1505 1156 1567 servatur:

560 1676 685 1727 trulum
707 1676 831 1726 elneus
848 1677 941 1726 lel’l'

557 1802 656 1854 ANNOS
669 1801 755 1851 LXXV
768 1800 918 1850 necessu·

559 1926 595 1977 lli
606 1925 683 1975 PAGE
698 1925 755 1975 stu
768 1925 824 1974 utu
839 1924 880 1974 111
893 1925 953 1973 ΚΑΙ,

557 2049 697 2101 SBPfflB

750 2146 835 2198 tutto
854 2146 955 2196 mut

758 2270 946 2321 nortorum

365 2409 471 2501 Haeo,
486 2407 629 2480 Journal
641 2405 857 2496 merovaeo,
879 2407 985 2479 1837.

365 2532 404 2603 ln
420 2528 505 2604 collo
518 2553 624 2630 quem
641 2529 737 2604 alluit
749 2530 843 2603 rivus
859 2531 1034 2624 Sephoram,
1057 2550 1229 2627 quemque
1246 2527 1325 2601 oleti

318 2664 478 2751 opacant,
494 2654 637 2750 paulum
654 2654 827 2751 eplanitie
849 2644 952 2741 sditoss
973 2651 1211 2726 aedifioubatur
1234 2652 1327 2725 anti·

319 2777 534 2875 queuntes,
561 2782 661 2874 cujus
685 2799 703 2850 e
721 2776 905 2874 splendore
924 2774 1162 2851 tantummodo
1195 2774 1329 2872 reliqua

320 2912 372 2973 est
384 2899 453 2973 alto
467 2899 596 2972 effossa
615 2899 776 2972 cisterna.
790 2902 982 2999 Augustino
993 2901 1132 3000 signum
1149 2897 1238 2973 Galli
1251 2901 1326 2973 vio·

318 3034 410 3097 tores
423 3022 460 3095 in
476 3021 543 3096 hoc
560 3023 684 3098 oliveto
698 3034 905 3098 statuerunt.

366 3146 439 3222 Cir.
457 3146 575 3241 Shaw,
598 3157 625 3220 t.
646 3148 676 3239 Ι,
695 3171 732 3246 p.
757 3150 928 3223 120-121.

366 3269 451 3344 Vide
475 3283 510 3344 et
530 3272 680 3346 Leonem
698 3272 839 3366 Renier,
863 3296 896 3345 a.
915 3295 951 3344 n.
972 3274 1064 3348 2871
1092 3270 1137 3346 ad
1154 3273 1263 3347 2896.

581 3454 621 3506 ΑΒ
641 3456 776 3509 uteeontt
798 3446 1059 3508 nummorum.

366 3560 505 3629 Bicerte.

558 3678 657 3727 curuo
674 3678 735 3728 oon
751 3678 846 3727 muru

558 3802 630 3851 mre
651 3802 749 3851 Dim
767 3801 844 3850 stctt

558 3926 676 3976 cotom
697 3927 757 3976 cot.
775 3927 871 3976 trum
933 3994 940 4005 ι

559 4051 703 4101 omum.
734 4080 743 4098 .
770 4080 779 4098 .

557 4152 709 4248 (meren,
725 4151 917 4247 ineditam.)
