3300 5272
280 466 344 543 itt)
580 471 725 525 erenum
748 467 973 528 eccenernenr
1080 429 1083 435 ’

273 638 348 697 ω
364 604 486 687 ω..
506 632 521 669 ι
538 598 655 675 Minue
668 596 712 671 de
724 594 864 672 effossis
882 605 917 668 et
932 593 1087 694 fatigatis
1100 593 1274 672 montibus

271 746 440 819 menter
459 746 670 803 intirmorum
690 730 829 811 mucce,
855 720 970 793 minue
996 723 1128 820 argenti
1143 733 1180 797 et
1197 722 1277 797 euri

270 884 356 965 quer
370 860 558 955 euggerunt
577 845 745 923 exhnueta
755 849 831 941 jem
849 842 1000 916 metalla.
1022 874 1036 909 ι
1057 846 1142 934 Qum
1163 869 1271 944 quum

271 992 385 1067 emeat
400 976 562 1053 :istorum
580 970 728 1045 fortunae
745 967 914 1062 potieeimi
929 966 1057 1061 ientee,
1074 969 1272 1066 pestilentia

272 1122 307 1187 ,e
335 1108 546 1201 ,imperata
577 1088 859 1191 ingravescebant
886 1091 1048 1188 querelae,
1071 1093 1136 1183 ire,
1161 1091 1276 1190 plebis

272 1222 470 1309 efferrentie
486 1228 602 1293 cretus.
627 1215 784 1288 Imitatus
800 1225 916 1287 antem
934 1225 1009 1288 tum
1023 1216 1275 1291 Tertullianum

272 1370 344 1433 tere
389 1344 578 1423 Minucium
614 1337 767 1411 Felicem
804 1337 887 1411 forti
925 1361 1118 1437 magnoque
1160 1340 1275 1415 anime

272 1474 509 1557 «reinmarum
532 1485 673 1540 censam
694 1484 765 1534 non
782 1461 1006 1554 Christianos,
1029 1463 1088 1536 sed
1108 1463 1276 1539 Ethnicoe

273 1624 349 1679 erec
369 1590 534 1671 declaret.
559 1617 573 1652 ι
601 1583 774 1683 Indigneri
803 1608 841 1657 ee
871 1588 964 1659 Deus
982 1585 1065 1661 dicit
1090 1600 1125 1663 et
1153 1589 1272 1679 irasci,

272 1716 366 1825 qued
392 1713 520 1815 agnitio
545 1708 610 1783 Dei
643 1730 711 1780 non
738 1707 785 1779 eit
811 1707 848 1778 in
866 1710 981 1782 terrie.
1001 1740 1015 1774 ι
1033 1711 1173 1785 Etenim
1195 1735 1276 1785 cnm
1356 1744 1361 1753 ·

277 1852 369 1927 uacua
386 1836 517 1915 homini
531 1857 572 1906 ce
589 1830 738 1915 sublime
751 1829 895 1924 dederit,
916 1857 995 1906 cum
1015 1833 1059 1907 ad
1082 1835 1160 1909 cmii
1176 1836 1277 1933 quasi

274 1962 436 2051 detdiciiii
452 1957 588 2059 pristini
608 1954 809 2029 excitaverit
823 1969 1059 2054 conspectum,
1078 1961 1178 2034 multi
1196 1970 1277 2034 ente

274 2090 460 2173 rimulncre
478 2081 652 2180 captivum
672 2103 799 2178 corpus
821 2081 1020 2171 incurvare
1047 2094 1166 2181 atque,
1193 2083 1276 2159 dum

277 2236 402 2295 terram
419 2216 587 2307 spectant,
605 2204 765 2279 omnihus
783 2206 937 2302 corporis
954 2205 1154 2281 libidinibns
1166 2208 1276 2282 inser·

275 2344 386 2419 ciunt.
402 2331 484 2409 inde
495 2330 593 2426 origo
606 2327 700 2420 mali,
715 2327 795 2401 inde
803 2336 899 2426 jueta
918 2329 994 2403 coeli
1008 2330 1172 2405 vindicta.
1190 2335 1277 2407 Cum

276 2486 355 2539 rem
386 2455 431 2532 ab
454 2453 556 2552 nigris
578 2460 796 2550 emnmepere
825 2453 964 2526 Ethnici
985 2453 1213 2530 abhorrerent
1231 2480 1276 2529 ne

276 2581 477 2679 contngione
491 2576 723 2667 afficerentur,
734 2600 803 2649 non
815 2577 951 2674 scriptis
967 2577 1083 2671 mode,
1096 2577 1158 2652 sed
1172 2581 1274 2653 etiam

277 2707 377 2784 iactis
390 2703 443 2777 vir
454 2701 603 2798 optimus
614 2700 664 2772 rei
677 2698 860 2772 consuluit.
874 2700 1007 2799 Populo
1019 2726 1081 2777 euo
1089 2703 1192 2801 igitur
1201 2726 1279 2801 per-

278 2828 386 2907 sumit
398 2836 512 2898 utnon
528 2820 631 2896 modo
644 2820 723 2895 fidei
736 2821 940 2897 domesticos
956 2823 1017 2898 eed
1029 2825 1133 2899 etiam
1146 2826 1276 2900 alienos

278 2951 492 3040 wilicitaret;
511 2947 634 3043 cuique
647 2947 744 3018 varia
758 2946 896 3020 fuerunt
905 2947 1036 3021 tributa
1046 2974 1190 3025 munera
1199 2975 1278 3049 quae

279 3076 421 3173 impigre
435 3093 555 3144 omnee
568 3070 719 3143 exsecuti
734 3082 834 3160 eunt3
851 3071 958 3168 quiin
976 3082 1069 3145 tanta
1078 3088 1278 3171 paupertate

279 3207 426 3275 erantut
440 3194 529 3268 dena
546 3193 626 3266 dare
643 3193 836 3289 nequirent,
860 3195 1063 3293 semetipsos
1084 3197 1279 3273 efferebant

284 3328 582 3416 ecnmpeneantee,
595 3331 633 3391 ut
636 3324 714 3415 jure
726 3318 837 3415 inquit
848 3319 1002 3412 Pontice,
1012 3324 1149 3419 proprio
1162 3322 1281 3398 labore

281 3439 474 3519 mercedem
495 3440 621 3514 divitiis
641 3440 799 3514 omnibus
813 3440 1015 3518 chariorem.
1045 3475 1058 3509 e

330 3570 472 3654 interea,
487 3562 584 3638 Gallo
606 3563 803 3638 amilitibus
821 3566 893 3638 suis
908 3576 1042 3657 neceto,
1057 3566 1281 3664 AEmilianum

283 3697 523 3788 imperatorem
532 3689 765 3763 interfectores
774 3688 942 3785 iecerunt,
951 3691 1282 3789 qui,quartomenee

280 3827 361 3916 poet
378 3821 450 3913 ejus
464 3836 595 3905 necem,
617 3811 746 3887 caedem
761 3811 854 3886 caede
872 3813 1142 3907 accumulantes,
1159 3839 1281 3891 recen·

281 3953 352 4012 tem
381 3937 572 4036 principem
593 3936 829 4049 trucidarunt3
856 3944 996 4038 jamque
1023 3940 1176 4013 omnium
1200 3963 1282 4014 con·

281 4087 383 4137 eeneu
404 4061 606 4136 Valerianus
632 4063 776 4160 arripuit
799 4064 995 4161 imperium.
1028 4067 1104 4154 Quo
1130 4063 1283 4163 primum
