3300 5272
447 367 596 431 utuutt
622 367 795 430 renunt
822 369 925 432 tvtt.
1195 381 1246 433 111

129 559 142 583 α
156 530 307 612 victoria,
322 545 355 595 at
369 531 461 594 hicce
474 554 566 595 meus
579 531 656 594 mihi
671 546 805 596 estante
819 532 900 596 alios
913 532 1090 597 formosior
1102 557 1215 599 onmes
1228 567 1250 599 ν.

172 652 307 718 Videtur
329 656 409 719 mihi
427 657 550 721 cunctis
570 657 635 722 hoc
659 656 840 746 significare
864 658 973 723 fabula
991 683 998 723 :
1019 661 1250 749 «1111111111-

129 799 245 839 «crum
263 799 333 842 esse
346 800 444 842 nemo
464 801 531 842 non
546 779 720 845 arbitratur
739 781 807 868 ipse
824 804 917 845 suum
933 812 955 845 υ.

638 1206 737 1274 tvn.

343 1502 558 1564 nuncuutt
590 1503 740 1562 tutus
773 1505 829 1564 ET
860 1506 1037 1569 intutis.

174 1840 355 1904 Mercurius
382 1837 533 1920 rhedam,
559 1862 656 1926 quam
682 1841 871 1930 impleverat
888 1841 1085 1927 mendaciis,
1109 1844 1251 1935 doloque

131 1981 271 2069 plurimo
290 1996 323 2045 et
346 1979 462 2044 astutia
489 1983 681 2069 omnigena,
709 2005 767 2071 per
789 1998 888 2048 terras
914 1985 1046 2074 agebat,
1076 1985 1172 2051 aliam
1190 1987 1251 2052 alia

131 2139 260 2213 gentem
287 2120 402 2187 ordine
428 2139 633 2212 permutans,
659 2147 696 2188 ac
710 2126 900 2214 particulam
924 2128 1109 2193 mortalium
1134 2129 1251 2217 cuique

130 2287 261 2352 parvam
280 2263 485 2330 distribuens.

174 2425 220 2487 Ut
243 2447 340 2504 vero,
369 2424 536 2514 regionem
566 2423 729 2512 ingressus
757 2425 915 2507 Arabum,
948 2448 1019 2491 eam
1045 2427 1251 2515 peragrabat,

130 2563 262 2627 rhedam
278 2581 410 2629 narrant
425 2579 559 2655 repente
577 2563 775 2631 confractam
794 2567 982 2633 substitisse.

176 2723 297 2787 Arabes
313 2738 439 2806 autem,
454 2718 543 2811 quasi
556 2723 815 2813 pretiosissimas,
832 2723 1020 2814 diripientes
1035 2727 1251 2816 negociatoris

131 2865 288 2946 sarcinas,
311 2865 443 2930 rhedam
464 2866 724 2947 vacuefecerunt,
750 2888 812 2930 nec
833 2866 874 2930 ad
899 2867 980 2932 alios
1003 2867 1148 2934 siverunt
1167 2869 1251 2934 ultra

130 3007 321 3095 procedere,
336 3009 412 3076 licet
430 3025 464 3074 et
478 3010 528 3075 illi
542 3009 598 3075 alii
613 3024 723 3076 essent
735 3010 894 3074 homines.

176 3167 257 3233 Inde
274 3168 310 3234 fit
331 3184 367 3234 ut
384 3170 525 3252 Arabes,
543 3168 630 3260 quod
649 3192 719 3234 sum
741 3184 911 3260 expertus,
929 3167 1165 3254 mendacesque
1188 3167 1252 3231 sint

132 3324 165 3373 et
187 3311 398 3399 impostores,
424 3335 563 3401 quorum
585 3314 619 3375 in
645 3311 754 3400 lingua
780 3334 848 3375 non
875 3310 979 3374 ullum
1006 3307 1098 3373 sedet
1114 3308 1251 3372 verbum

132 3451 219 3537 quod
235 3453 276 3516 sit
293 3476 415 3519 verum.

131 3857 285 3917 1111111111
301 3855 326 3904 δὲ
337 3853 445 3918 σχεδίην·
465 3850 532 3915 quod
545 3852 663 3915 Etymoto
715 3851 769 3901 οὐδὲ
784 3852 814 3900 τὰ
835 3852 902 3900 κοινὰ
922 3856 969 3907 τοῖς
990 3848 1119 3915 ἀνθρώποις
1140 3849 1252 3899 terruisti

132 3935 211 3995 glcum
220 3939 252 3982 u.
263 3931 479 3995 interpretatum
490 3935 531 3980 τοῦ
542 3931 662 3993 eurem.
717 3931 847 3993 δυνάμενοι.

165 4016 201 4061 11.
221 4016 248 4059 ln
261 4011 340 4061 verbis
350 4012 435 4076 καίπερ
447 4012 514 4065 ὄντας
530 4009 664 4073 ἀνθρώπους
753 4014 789 4059 13.
808 4006 893 4057 suidas
910 4021 916 4054 :
937 4009 1003 4068 γόης,
1020 4007 1132 4068 γόητος..
1155 4006 1250 4070 πλάνος,

132 4088 192 4140 latet
202 4089 279 4138 ironia
290 4105 296 4134 ι
307 4089 349 4152 qui
364 4090 457 4138 scilicet
474 4088 584 4137 homiues
601 4100 667 4135 men.
719 4087 837 4136 ἀπατεὼν.
853 4083 1252 4146 111111111111111111111111-

132 4168 256 4218 daciarum
275 4182 304 4216 ac
319 4168 431 4218 dolorum
445 4170 539 4230 partem
556 4178 600 4215 suo
610 4164 666 4226 iure
718 4165 795 4215 tiebat
809 4161 1251 4220 111111111111,1;σι’611111

132 4251 244 4310 poterant
254 4246 300 4296 sibi
311 4245 443 4297 stridore.
454 4245 543 4297 Fabuia
560 4244 647 4294 collata
658 4257 664 4290 ι
717 4241 818 4307 aptoton
829 4241 908 4298 πίστις
917 4240 1046 4306 ἀνθρώπων
1055 4241 1127 4304 ὁμοῖα
1135 4243 1197 4290 τοῖσι
1210 4240 1251 4296 ee

132 4323 552 4389 οῑδὲεῐςᾶλλουςτόπουςοὺκεῑασᾳν
560 4324 665 4383 ὁδεῦσαι,
717 4321 794 4370 λιστα.
