<?xml version="1.0" encoding="UTF-8"?>
<!DOCTYPE html PUBLIC "-//W3C//DTD XHTML 1.0 Transitional//EN"
    "http://www.w3.org/TR/xhtml1/DTD/xhtml1-transitional.dtd">
<html xmlns="http://www.w3.org/1999/xhtml" xml:lang="en" lang="en">
 <head>
  <title>
</title>
<meta http-equiv="Content-Type" content="text/html;charset=utf-8" />
  <meta name='ocr-system' content='tesseract 3.04.00' />
  <meta name='ocr-capabilities' content='ocr_page ocr_carea ocr_par ocr_line ocrx_word'/>
</head>
<body>
  <div class='ocr_page' id='page_1' title='image "./desanctocyprian00blamgoog_0403.png"; bbox 0 0 3300 5272; ppageno 0'>
   <div class='ocr_carea' id='block_1_1' title="bbox 537 437 1226 507">
    <p class='ocr_par' dir='ltr' id='par_1_1' title="bbox 537 437 1226 507">
     <span class='ocr_line' id='line_1_1' title="bbox 537 437 1226 507; baseline 0.006 -6"><span class='ocrx_word' id='word_1_1' title='bbox 537 455 900 504; x_wconf 61' lang='lat' dir='ltr'><strong>mmmmm.</strong></span> <span class='ocrx_word' id='word_1_2' title='bbox 1184 437 1226 507; x_wconf 63' lang='grc' dir='ltr'><strong><em>Μ</em></strong></span> 
     </span>
    </p>
   </div>
   <div class='ocr_carea' id='block_1_2' title="bbox 166 583 1233 1561">
    <p class='ocr_par' dir='ltr' id='par_1_2' title="bbox 166 583 1233 1561">
     <span class='ocr_line' id='line_1_2' title="bbox 221 583 1232 683; baseline -0.001 -24"><span class='ocrx_word' id='word_1_3' title='bbox 221 588 355 661; x_wconf 76' lang='lat' dir='ltr'>trahere</span> <span class='ocrx_word' id='word_1_4' title='bbox 366 598 534 683; x_wconf 78' lang='lat' dir='ltr'><strong>poterant.</strong></span> <span class='ocrx_word' id='word_1_5' title='bbox 554 590 580 656; x_wconf 83' lang='grc' dir='ltr'><strong>Α</strong></span> <span class='ocrx_word' id='word_1_6' title='bbox 597 583 728 656; x_wconf 83' lang='lat' dir='ltr'>balneis</span> <span class='ocrx_word' id='word_1_7' title='bbox 743 599 857 657; x_wconf 88' lang='lat' dir='ltr'><strong>autem</strong></span> <span class='ocrx_word' id='word_1_8' title='bbox 873 597 907 657; x_wconf 94' lang='lat' dir='ltr'><strong>et</strong></span> <span class='ocrx_word' id='word_1_9' title='bbox 919 585 964 661; x_wconf 93' lang='lat' dir='ltr'><strong>ab</strong></span> <span class='ocrx_word' id='word_1_10' title='bbox 982 585 1092 681; x_wconf 90' lang='lat' dir='ltr'><strong>epulis</strong></span> <span class='ocrx_word' id='word_1_11' title='bbox 1109 587 1141 658; x_wconf 93' lang='lat' dir='ltr'><strong>ei</strong></span> <span class='ocrx_word' id='word_1_12' title='bbox 1158 600 1232 660; x_wconf 89' lang='lat' dir='ltr'><strong>erat</strong></span> 
     </span>
     <span class='ocr_line' id='line_1_3' title="bbox 222 706 1231 805; baseline 0.001 -22"><span class='ocrx_word' id='word_1_13' title='bbox 222 708 483 800; x_wconf 68' lang='lat' dir='ltr'><strong>abstinendum</strong></span> <span class='ocrx_word' id='word_1_14' title='bbox 501 706 715 805; x_wconf 82' lang='lat' dir='ltr'>barbamque</span> <span class='ocrx_word' id='word_1_15' title='bbox 741 720 775 780; x_wconf 90' lang='lat' dir='ltr'><strong>et</strong></span> <span class='ocrx_word' id='word_1_16' title='bbox 797 707 939 805; x_wconf 83' lang='lat' dir='ltr'>capillos</span> <span class='ocrx_word' id='word_1_17' title='bbox 959 710 992 781; x_wconf 92' lang='lat' dir='ltr'><strong>ei</strong></span> <span class='ocrx_word' id='word_1_18' title='bbox 1013 710 1231 784; x_wconf 90' lang='lat' dir='ltr'><strong>interdictum</strong></span> 
     </span>
     <span class='ocr_line' id='line_1_4' title="bbox 222 826 1230 930; baseline 0 -23"><span class='ocrx_word' id='word_1_19' title='bbox 222 834 331 926; x_wconf 89' lang='lat' dir='ltr'><strong>alere;</strong></span> <span class='ocrx_word' id='word_1_20' title='bbox 350 832 553 907; x_wconf 89' lang='lat' dir='ltr'><strong>mulieribus</strong></span> <span class='ocrx_word' id='word_1_21' title='bbox 583 833 687 905; x_wconf 87' lang='lat' dir='ltr'><strong>etiam</strong></span> <span class='ocrx_word' id='word_1_22' title='bbox 709 862 723 897; x_wconf 80' lang='grc' dir='ltr'>ι</span> <span class='ocrx_word' id='word_1_23' title='bbox 743 826 834 930; x_wconf 82' lang='lat' dir='ltr'><strong>nigri</strong></span> <span class='ocrx_word' id='word_1_24' title='bbox 849 834 1000 929; x_wconf 86' lang='lat' dir='ltr'><strong>pulveris</strong></span> <span class='ocrx_word' id='word_1_25' title='bbox 1018 831 1122 907; x_wconf 79' lang='lat' dir='ltr'><strong>ductu</strong></span> <span class='ocrx_word' id='word_1_26' title='bbox 1146 858 1230 908; x_wconf 93' lang='lat' dir='ltr'><strong>ocu·</strong></span> 
     </span>
     <span class='ocr_line' id='line_1_5' title="bbox 166 956 1231 1057; baseline 0.001 -26"><span class='ocrx_word' id='word_1_27' title='bbox 166 1002 173 1017; x_wconf 53' lang='grc' dir='ltr'><strong>ι</strong></span> <span class='ocrx_word' id='word_1_28' title='bbox 220 956 982 1054; x_wconf 77' lang='lat' dir='ltr'><strong>lorumlineamentadepingere»,secundum</strong></span> <span class='ocrx_word' id='word_1_29' title='bbox 993 982 1231 1057; x_wconf 83' lang='lat' dir='ltr'><strong>moremgem·</strong></span> 
     </span>
     <span class='ocr_line' id='line_1_6' title="bbox 168 1080 1229 1182; baseline -0.002 -26"><span class='ocrx_word' id='word_1_30' title='bbox 168 1136 169 1141; x_wconf 65' lang='lat'><strong>,</strong></span> <span class='ocrx_word' id='word_1_31' title='bbox 222 1084 398 1182; x_wconf 89' lang='lat' dir='ltr'><strong>misqueet</strong></span> <span class='ocrx_word' id='word_1_32' title='bbox 414 1081 610 1179; x_wconf 77' lang='lat' dir='ltr'><strong>margaritis</strong></span> <span class='ocrx_word' id='word_1_33' title='bbox 626 1082 799 1168; x_wconf 79' lang='lat' dir='ltr'><strong>exornari,</strong></span> <span class='ocrx_word' id='word_1_34' title='bbox 817 1080 957 1154; x_wconf 90' lang='lat' dir='ltr'><strong>iniicere</strong></span> <span class='ocrx_word' id='word_1_35' title='bbox 979 1106 1128 1172; x_wconf 91' lang='lat' dir='ltr'><strong>comam,</strong></span> <span class='ocrx_word' id='word_1_36' title='bbox 1144 1085 1229 1156; x_wconf 90' lang='lat' dir='ltr'><strong>seri·</strong></span> 
     </span>
     <span class='ocr_line' id='line_1_7' title="bbox 222 1203 1231 1305; baseline -0.001 -25"><span class='ocrx_word' id='word_1_37' title='bbox 222 1208 272 1280; x_wconf 91' lang='lat' dir='ltr'><strong>cis</strong></span> <span class='ocrx_word' id='word_1_38' title='bbox 296 1207 427 1298; x_wconf 78' lang='lat' dir='ltr'><strong>vestiri,</strong></span> <span class='ocrx_word' id='word_1_39' title='bbox 461 1217 536 1280; x_wconf 88' lang='lat' dir='ltr'><strong>tum</strong></span> <span class='ocrx_word' id='word_1_40' title='bbox 560 1203 813 1302; x_wconf 83' lang='lat' dir='ltr'><strong>prohibitum⁴.</strong></span> <span class='ocrx_word' id='word_1_41' title='bbox 850 1209 1021 1280; x_wconf 82' lang='lat' dir='ltr'><strong>Praeterea</strong></span> <span class='ocrx_word' id='word_1_42' title='bbox 1049 1207 1231 1305; x_wconf 83' lang='lat' dir='ltr'><strong>oportebat</strong></span> 
     </span>
     <span class='ocr_line' id='line_1_8' title="bbox 227 1328 1233 1430; baseline 0 -24"><span class='ocrx_word' id='word_1_43' title='bbox 227 1367 240 1397; x_wconf 71' lang='grc' dir='ltr'>ι</span> <span class='ocrx_word' id='word_1_44' title='bbox 263 1333 453 1430; x_wconf 90' lang='lat' dir='ltr'><strong>impensius</strong></span> <span class='ocrx_word' id='word_1_45' title='bbox 480 1353 614 1429; x_wconf 84' lang='lat' dir='ltr'><strong>rogare,</strong></span> <span class='ocrx_word' id='word_1_46' title='bbox 639 1328 730 1402; x_wconf 89' lang='lat' dir='ltr'><strong>diem</strong></span> <span class='ocrx_word' id='word_1_47' title='bbox 762 1329 858 1403; x_wconf 91' lang='lat' dir='ltr'><strong>luctu</strong></span> <span class='ocrx_word' id='word_1_48' title='bbox 879 1332 1081 1429; x_wconf 82' lang='lat' dir='ltr'><strong>transigere,</strong></span> <span class='ocrx_word' id='word_1_49' title='bbox 1108 1332 1233 1430; x_wconf 76' lang='lat' dir='ltr'><strong>sigiliis</strong></span> 
     </span>
     <span class='ocr_line' id='line_1_9' title="bbox 222 1453 1232 1561; baseline -0.001 -30"><span class='ocrx_word' id='word_1_50' title='bbox 222 1470 343 1531; x_wconf 88' lang='lat' dir='ltr'><strong>noctes</strong></span> <span class='ocrx_word' id='word_1_51' title='bbox 359 1480 400 1529; x_wconf 92' lang='lat' dir='ltr'><strong>ac</strong></span> <span class='ocrx_word' id='word_1_52' title='bbox 422 1454 562 1529; x_wconf 85' lang='lat' dir='ltr'><strong>fletibus</strong></span> <span class='ocrx_word' id='word_1_53' title='bbox 579 1453 718 1561; x_wconf 84' lang='lat' dir='ltr'><strong>ducere,</strong></span> <span class='ocrx_word' id='word_1_54' title='bbox 739 1466 878 1551; x_wconf 89' lang='lat' dir='ltr'><strong>tempus</strong></span> <span class='ocrx_word' id='word_1_55' title='bbox 900 1479 1003 1528; x_wconf 92' lang='lat' dir='ltr'><strong>omne</strong></span> <span class='ocrx_word' id='word_1_56' title='bbox 1030 1455 1232 1554; x_wconf 85' lang='lat' dir='ltr'><strong>lacrymosis</strong></span> 
     </span>
    </p>
   </div>
   <div class='ocr_carea' id='block_1_3' title="bbox 222 1579 1232 1796">
    <p class='ocr_par' dir='ltr' id='par_1_3' title="bbox 222 1579 1232 1796">
     <span class='ocr_line' id='line_1_10' title="bbox 222 1579 1232 1674; baseline 0.001 -21"><span class='ocrx_word' id='word_1_57' title='bbox 222 1579 521 1654; x_wconf 86' lang='lat' dir='ltr'><strong>lamentationibus</strong></span> <span class='ocrx_word' id='word_1_58' title='bbox 542 1601 723 1674; x_wconf 88' lang='lat' dir='ltr'><strong>occupare,</strong></span> <span class='ocrx_word' id='word_1_59' title='bbox 750 1589 878 1651; x_wconf 89' lang='lat' dir='ltr'><strong>stratos</strong></span> <span class='ocrx_word' id='word_1_60' title='bbox 896 1579 969 1653; x_wconf 90' lang='lat' dir='ltr'><strong>solo</strong></span> <span class='ocrx_word' id='word_1_61' title='bbox 993 1579 1179 1670; x_wconf 83' lang='lat' dir='ltr'><strong>adhaerere,</strong></span> <span class='ocrx_word' id='word_1_62' title='bbox 1198 1584 1232 1654; x_wconf 93' lang='lat' dir='ltr'><strong>in</strong></span> 
     </span>
     <span class='ocr_line' id='line_1_11' title="bbox 223 1697 1232 1796; baseline 0.002 -21"><span class='ocrx_word' id='word_1_63' title='bbox 223 1704 337 1775; x_wconf 90' lang='lat' dir='ltr'><strong>cinere</strong></span> <span class='ocrx_word' id='word_1_64' title='bbox 354 1714 390 1773; x_wconf 91' lang='lat' dir='ltr'><strong>et</strong></span> <span class='ocrx_word' id='word_1_65' title='bbox 405 1700 517 1774; x_wconf 90' lang='lat' dir='ltr'><strong>cilicio</strong></span> <span class='ocrx_word' id='word_1_66' title='bbox 539 1710 574 1773; x_wconf 89' lang='lat' dir='ltr'><strong>et</strong></span> <span class='ocrx_word' id='word_1_67' title='bbox 593 1697 752 1773; x_wconf 89' lang='lat' dir='ltr'><strong>sordibus</strong></span> <span class='ocrx_word' id='word_1_68' title='bbox 768 1698 929 1792; x_wconf 88' lang='lat' dir='ltr'><strong>volutari,</strong></span> <span class='ocrx_word' id='word_1_69' title='bbox 953 1712 1032 1796; x_wconf 89' lang='lat' dir='ltr'><strong>post</strong></span> <span class='ocrx_word' id='word_1_70' title='bbox 1052 1701 1232 1777; x_wconf 91' lang='lat' dir='ltr'><strong>indumen-</strong></span> 
     </span>
    </p>
   </div>
   <div class='ocr_carea' id='block_1_4' title="bbox 223 1823 1321 3661">
    <p class='ocr_par' dir='ltr' id='par_1_4' title="bbox 223 1823 1321 3661">
     <span class='ocr_line' id='line_1_12' title="bbox 224 1823 1229 1923; baseline 0.002 -24"><span class='ocrx_word' id='word_1_71' title='bbox 224 1842 298 1901; x_wconf 89' lang='lat' dir='ltr'><strong>tum</strong></span> <span class='ocrx_word' id='word_1_72' title='bbox 330 1825 455 1899; x_wconf 89' lang='lat' dir='ltr'><strong>Christi</strong></span> <span class='ocrx_word' id='word_1_73' title='bbox 489 1823 661 1923; x_wconf 92' lang='lat' dir='ltr'><strong>perditum</strong></span> <span class='ocrx_word' id='word_1_74' title='bbox 693 1823 826 1897; x_wconf 90' lang='lat' dir='ltr'><strong>nullum</strong></span> <span class='ocrx_word' id='word_1_75' title='bbox 848 1831 923 1923; x_wconf 87' lang='lat' dir='ltr'><strong>jam</strong></span> <span class='ocrx_word' id='word_1_76' title='bbox 941 1823 1025 1897; x_wconf 79' lang='lat' dir='ltr'><strong>uelle</strong></span> <span class='ocrx_word' id='word_1_77' title='bbox 1055 1829 1229 1910; x_wconf 78' lang='lat' dir='ltr'><strong>restitum,</strong></span> 
     </span>
     <span class='ocr_line' id='line_1_13' title="bbox 223 1948 1233 2049; baseline 0.001 -24"><span class='ocrx_word' id='word_1_78' title='bbox 223 1963 301 2049; x_wconf 88' lang='lat' dir='ltr'><strong>post</strong></span> <span class='ocrx_word' id='word_1_79' title='bbox 314 1950 441 2024; x_wconf 90' lang='lat' dir='ltr'><strong>diaboli</strong></span> <span class='ocrx_word' id='word_1_80' title='bbox 468 1949 585 2023; x_wconf 90' lang='lat' dir='ltr'><strong>cibum</strong></span> <span class='ocrx_word' id='word_1_81' title='bbox 608 1948 708 2022; x_wconf 88' lang='lat' dir='ltr'><strong>malle</strong></span> <span class='ocrx_word' id='word_1_82' title='bbox 730 1950 911 2047; x_wconf 90' lang='lat' dir='ltr'><strong>jejunium,</strong></span> <span class='ocrx_word' id='word_1_83' title='bbox 943 1951 1046 2047; x_wconf 92' lang='lat' dir='ltr'><strong>justis</strong></span> <span class='ocrx_word' id='word_1_84' title='bbox 1071 1951 1233 2048; x_wconf 89' lang='lat' dir='ltr'><strong>operibus</strong></span> 
     </span>
     <span class='ocr_line' id='line_1_14' title="bbox 223 2056 1284 2174; baseline 0.001 -27"><span class='ocrx_word' id='word_1_85' title='bbox 223 2056 435 2165; x_wconf 82' lang='lat' dir='ltr'><strong>incumbere,</strong></span> <span class='ocrx_word' id='word_1_86' title='bbox 457 2072 747 2171; x_wconf 88' lang='lat' dir='ltr'><strong>quibuspeccata</strong></span> <span class='ocrx_word' id='word_1_87' title='bbox 770 2085 971 2170; x_wconf 83' lang='lat' dir='ltr'><strong>purgentur,</strong></span> <span class='ocrx_word' id='word_1_88' title='bbox 1003 2074 1233 2174; x_wconf 87' lang='lat' dir='ltr'><strong>eleemosynis</strong></span> <span class='ocrx_word' id='word_1_89' title='bbox 1280 2114 1284 2123; x_wconf 93' lang='lat'>·</span> 
     </span>
     <span class='ocr_line' id='line_1_15' title="bbox 224 2193 1221 2296; baseline 0.002 -26"><span class='ocrx_word' id='word_1_90' title='bbox 224 2200 421 2296; x_wconf 78' lang='lat' dir='ltr'><strong>frequenter</strong></span> <span class='ocrx_word' id='word_1_91' title='bbox 433 2199 612 2292; x_wconf 87' lang='lat' dir='ltr'><strong>insistere,</strong></span> <span class='ocrx_word' id='word_1_92' title='bbox 633 2193 760 2293; x_wconf 91' lang='lat' dir='ltr'><strong>quibus</strong></span> <span class='ocrx_word' id='word_1_93' title='bbox 779 2220 801 2267; x_wconf 90' lang='lat' dir='ltr'><strong>a</strong></span> <span class='ocrx_word' id='word_1_94' title='bbox 819 2205 929 2268; x_wconf 90' lang='lat' dir='ltr'><strong>morte</strong></span> <span class='ocrx_word' id='word_1_95' title='bbox 946 2198 1071 2281; x_wconf 77' lang='lat' dir='ltr'><strong>animm</strong></span> <span class='ocrx_word' id='word_1_96' title='bbox 1092 2197 1221 2272; x_wconf 89' lang='lat' dir='ltr'><strong>liberan</strong></span> 
     </span>
     <span class='ocr_line' id='line_1_16' title="bbox 225 2318 1235 2421; baseline 0.002 -24"><span class='ocrx_word' id='word_1_97' title='bbox 225 2336 315 2397; x_wconf 88' lang='lat' dir='ltr'><strong>tur².</strong></span> <span class='ocrx_word' id='word_1_98' title='bbox 341 2356 355 2385; x_wconf 71' lang='lat' dir='ltr'><strong>n</strong></span> <span class='ocrx_word' id='word_1_99' title='bbox 385 2321 453 2395; x_wconf 89' lang='lat' dir='ltr'><strong>Sed</strong></span> <span class='ocrx_word' id='word_1_100' title='bbox 473 2353 487 2387; x_wconf 73' lang='grc' dir='ltr'>α</span> <span class='ocrx_word' id='word_1_101' title='bbox 508 2332 588 2394; x_wconf 86' lang='lat' dir='ltr'><strong>ante</strong></span> <span class='ocrx_word' id='word_1_102' title='bbox 610 2321 748 2417; x_wconf 84' lang='lat' dir='ltr'><strong>expiata</strong></span> <span class='ocrx_word' id='word_1_103' title='bbox 763 2318 900 2411; x_wconf 87' lang='lat' dir='ltr'><strong>delicta,</strong></span> <span class='ocrx_word' id='word_1_104' title='bbox 922 2333 1002 2396; x_wconf 90' lang='lat' dir='ltr'><strong>ante</strong></span> <span class='ocrx_word' id='word_1_105' title='bbox 1018 2323 1235 2421; x_wconf 83' lang='lat' dir='ltr'><strong>exomologe-</strong></span> 
     </span>
     <span class='ocr_line' id='line_1_17' title="bbox 225 2446 1232 2543; baseline 0.001 -23"><span class='ocrx_word' id='word_1_106' title='bbox 225 2450 291 2520; x_wconf 91' lang='lat' dir='ltr'><strong>sim</strong></span> <span class='ocrx_word' id='word_1_107' title='bbox 319 2448 446 2519; x_wconf 89' lang='lat' dir='ltr'><strong>lactam</strong></span> <span class='ocrx_word' id='word_1_108' title='bbox 475 2446 641 2537; x_wconf 92' lang='lat' dir='ltr'><strong>criminis,</strong></span> <span class='ocrx_word' id='word_1_109' title='bbox 669 2454 748 2517; x_wconf 86' lang='lat' dir='ltr'><strong>ante</strong></span> <span class='ocrx_word' id='word_1_110' title='bbox 769 2455 952 2543; x_wconf 79' lang='lat' dir='ltr'><strong>purgatam</strong></span> <span class='ocrx_word' id='word_1_111' title='bbox 983 2447 1232 2521; x_wconf 82' lang='lat' dir='ltr'><strong>conscientiam</strong></span> 
     </span>
     <span class='ocr_line' id='line_1_18' title="bbox 224 2565 1231 2668; baseline 0.003 -26"><span class='ocrx_word' id='word_1_112' title='bbox 224 2571 402 2644; x_wconf 83' lang='lat' dir='ltr'><strong>sacrificiis</strong></span> <span class='ocrx_word' id='word_1_113' title='bbox 420 2584 454 2642; x_wconf 89' lang='lat' dir='ltr'><strong>et</strong></span> <span class='ocrx_word' id='word_1_114' title='bbox 470 2594 574 2643; x_wconf 88' lang='lat' dir='ltr'><strong>manu</strong></span> <span class='ocrx_word' id='word_1_115' title='bbox 592 2565 791 2655; x_wconf 91' lang='lat' dir='ltr'><strong>sacerdotis,</strong></span> <span class='ocrx_word' id='word_1_116' title='bbox 818 2580 898 2641; x_wconf 89' lang='lat' dir='ltr'><strong>ante</strong></span> <span class='ocrx_word' id='word_1_117' title='bbox 919 2570 1093 2655; x_wconf 81' lang='lat' dir='ltr'><strong>offensam</strong></span> <span class='ocrx_word' id='word_1_118' title='bbox 1114 2570 1231 2668; x_wconf 90' lang='lat' dir='ltr'><strong>placa·</strong></span> 
     </span>
     <span class='ocr_line' id='line_1_19' title="bbox 225 2693 1234 2791; baseline 0.003 -26"><span class='ocrx_word' id='word_1_119' title='bbox 225 2707 296 2765; x_wconf 88' lang='lat' dir='ltr'><strong>tam</strong></span> <span class='ocrx_word' id='word_1_120' title='bbox 318 2694 525 2791; x_wconf 83' lang='lat' dir='ltr'><strong>indignantis</strong></span> <span class='ocrx_word' id='word_1_121' title='bbox 552 2693 691 2764; x_wconf 92' lang='lat' dir='ltr'><strong>Domini</strong></span> <span class='ocrx_word' id='word_1_122' title='bbox 706 2703 740 2763; x_wconf 91' lang='lat' dir='ltr'><strong>et</strong></span> <span class='ocrx_word' id='word_1_123' title='bbox 757 2693 921 2765; x_wconf 91' lang='lat' dir='ltr'><strong>minantis</strong></span> <span class='ocrx_word' id='word_1_124' title='bbox 941 2726 954 2758; x_wconf 70' lang='grc' dir='ltr'><strong>ι</strong></span> <span class='ocrx_word' id='word_1_125' title='bbox 980 2697 1051 2767; x_wconf 90' lang='lat' dir='ltr'><strong>vim</strong></span> <span class='ocrx_word' id='word_1_126' title='bbox 1066 2696 1191 2768; x_wconf 82' lang='lat' dir='ltr'><strong>inferre</strong></span> <span class='ocrx_word' id='word_1_127' title='bbox 1206 2699 1234 2770; x_wconf 93' lang='lat' dir='ltr'><strong>si</strong></span> 
     </span>
     <span class='ocr_line' id='line_1_20' title="bbox 226 2815 1236 2916; baseline 0.001 -25"><span class='ocrx_word' id='word_1_128' title='bbox 226 2842 403 2891; x_wconf 90' lang='lat' dir='ltr'><strong>sacrorum</strong></span> <span class='ocrx_word' id='word_1_129' title='bbox 417 2817 600 2916; x_wconf 82' lang='lat' dir='ltr'><strong>participes</strong></span> <span class='ocrx_word' id='word_1_130' title='bbox 611 2828 725 2889; x_wconf 91' lang='lat' dir='ltr'><strong>esseut</strong></span> <span class='ocrx_word' id='word_1_131' title='bbox 736 2815 835 2913; x_wconf 88' lang='lat' dir='ltr'><strong>lapsi,</strong></span> <span class='ocrx_word' id='word_1_132' title='bbox 850 2815 1114 2892; x_wconf 88' lang='lat' dir='ltr'><strong>declarabantur</strong></span> <span class='ocrx_word' id='word_1_133' title='bbox 1132 2850 1146 2883; x_wconf 75' lang='grc' dir='ltr'><strong>α</strong></span> <span class='ocrx_word' id='word_1_134' title='bbox 1163 2844 1236 2892; x_wconf 92' lang='lat' dir='ltr'><strong>cor·</strong></span> 
     </span>
     <span class='ocr_line' id='line_1_21' title="bbox 225 2940 1321 3041; baseline 0.001 -26"><span class='ocrx_word' id='word_1_135' title='bbox 225 2946 300 3041; x_wconf 92' lang='lat' dir='ltr'><strong>pori</strong></span> <span class='ocrx_word' id='word_1_136' title='bbox 317 2950 389 3039; x_wconf 88' lang='lat' dir='ltr'><strong>ejus</strong></span> <span class='ocrx_word' id='word_1_137' title='bbox 408 2953 442 3015; x_wconf 90' lang='lat' dir='ltr'><strong>et</strong></span> <span class='ocrx_word' id='word_1_138' title='bbox 461 2942 634 3039; x_wconf 80' lang='lat' dir='ltr'><strong>sanguini,</strong></span> <span class='ocrx_word' id='word_1_139' title='bbox 657 2952 692 3015; x_wconf 92' lang='lat' dir='ltr'><strong>et</strong></span> <span class='ocrx_word' id='word_1_140' title='bbox 704 2940 783 3037; x_wconf 93' lang='lat' dir='ltr'><strong>plus</strong></span> <span class='ocrx_word' id='word_1_141' title='bbox 808 2941 844 3013; x_wconf 90' lang='lat' dir='ltr'><strong>iu</strong></span> <span class='ocrx_word' id='word_1_142' title='bbox 865 2944 1053 3015; x_wconf 90' lang='lat' dir='ltr'><strong>Dominum</strong></span> <span class='ocrx_word' id='word_1_143' title='bbox 1071 2945 1243 3017; x_wconf 78' lang='lat' dir='ltr'><strong>manibus.</strong></span> <span class='ocrx_word' id='word_1_144' title='bbox 1315 2967 1321 2983; x_wconf 75' lang='grc'><em>’</em></span> 
     </span>
     <span class='ocr_line' id='line_1_22' title="bbox 225 3066 1234 3167; baseline 0 -26"><span class='ocrx_word' id='word_1_145' title='bbox 225 3083 327 3164; x_wconf 89' lang='lat' dir='ltr'><strong>atque</strong></span> <span class='ocrx_word' id='word_1_146' title='bbox 351 3090 410 3140; x_wconf 95' lang='lat' dir='ltr'><strong>ore</strong></span> <span class='ocrx_word' id='word_1_147' title='bbox 431 3066 627 3163; x_wconf 87' lang='lat' dir='ltr'><strong>delinquere</strong></span> <span class='ocrx_word' id='word_1_148' title='bbox 648 3088 753 3161; x_wconf 91' lang='lat' dir='ltr'><strong>quam</strong></span> <span class='ocrx_word' id='word_1_149' title='bbox 779 3090 858 3139; x_wconf 92' lang='lat' dir='ltr'><strong>cum</strong></span> <span class='ocrx_word' id='word_1_150' title='bbox 878 3068 1067 3140; x_wconf 89' lang='lat' dir='ltr'><strong>Dominum</strong></span> <span class='ocrx_word' id='word_1_151' title='bbox 1089 3092 1234 3167; x_wconf 83' lang='lat' dir='ltr'><strong>negave-</strong></span> 
     </span>
     <span class='ocr_line' id='line_1_23' title="bbox 226 3182 1297 3282; baseline -0.005 -19"><span class='ocrx_word' id='word_1_152' title='bbox 226 3189 374 3264; x_wconf 79' lang='lat' dir='ltr'><strong>rant³.·</strong></span> <span class='ocrx_word' id='word_1_153' title='bbox 397 3195 481 3264; x_wconf 83' lang='lat' dir='ltr'><strong>Cum</strong></span> <span class='ocrx_word' id='word_1_154' title='bbox 508 3214 588 3262; x_wconf 89' lang='lat' dir='ltr'><strong>vero</strong></span> <span class='ocrx_word' id='word_1_155' title='bbox 609 3189 657 3261; x_wconf 93' lang='lat' dir='ltr'><strong>illi</strong></span> <span class='ocrx_word' id='word_1_156' title='bbox 681 3188 841 3261; x_wconf 81' lang='lat' dir='ltr'><strong>Ecclesia</strong></span> <span class='ocrx_word' id='word_1_157' title='bbox 867 3182 1127 3282; x_wconf 83' lang='lat' dir='ltr'><strong>satisfecissent,</strong></span> <span class='ocrx_word' id='word_1_158' title='bbox 1155 3216 1233 3264; x_wconf 89' lang='lat' dir='ltr'><strong>cum</strong></span> <span class='ocrx_word' id='word_1_159' title='bbox 1294 3244 1297 3258; x_wconf 91' lang='lat'>.</span> 
     </span>
     <span class='ocr_line' id='line_1_24' title="bbox 227 3313 1235 3411; baseline 0 -25"><span class='ocrx_word' id='word_1_160' title='bbox 227 3317 366 3410; x_wconf 87' lang='lat' dir='ltr'><strong>antiqua</strong></span> <span class='ocrx_word' id='word_1_161' title='bbox 375 3313 419 3387; x_wconf 90' lang='lat' dir='ltr'><strong>ab</strong></span> <span class='ocrx_word' id='word_1_162' title='bbox 433 3316 594 3411; x_wconf 88' lang='lat' dir='ltr'><strong>episcopo</strong></span> <span class='ocrx_word' id='word_1_163' title='bbox 609 3315 818 3409; x_wconf 88' lang='lat' dir='ltr'><strong>recepissent</strong></span> <span class='ocrx_word' id='word_1_164' title='bbox 827 3319 918 3409; x_wconf 91' lang='lat' dir='ltr'><strong>jura,</strong></span> <span class='ocrx_word' id='word_1_165' title='bbox 935 3326 1009 3386; x_wconf 90' lang='lat' dir='ltr'><strong>tum</strong></span> <span class='ocrx_word' id='word_1_166' title='bbox 1029 3345 1041 3378; x_wconf 71' lang='lat' dir='ltr'><strong>a</strong></span> <span class='ocrx_word' id='word_1_167' title='bbox 1060 3326 1235 3387; x_wconf 90' lang='lat' dir='ltr'><strong>certamen</strong></span> 
     </span>
     <span class='ocr_line' id='line_1_25' title="bbox 225 3436 1140 3536; baseline -0.002 -24"><span class='ocrx_word' id='word_1_168' title='bbox 225 3439 350 3512; x_wconf 90' lang='lat' dir='ltr'><strong>milites</strong></span> <span class='ocrx_word' id='word_1_169' title='bbox 363 3449 515 3536; x_wconf 87' lang='lat' dir='ltr'><strong>repetere</strong></span> <span class='ocrx_word' id='word_1_170' title='bbox 531 3449 688 3534; x_wconf 86' lang='lat' dir='ltr'><strong>poterant</strong></span> <span class='ocrx_word' id='word_1_171' title='bbox 702 3449 801 3534; x_wconf 87' lang='lat' dir='ltr'><strong>atque</strong></span> <span class='ocrx_word' id='word_1_172' title='bbox 816 3439 928 3511; x_wconf 88' lang='lat' dir='ltr'><strong>aciem</strong></span> <span class='ocrx_word' id='word_1_173' title='bbox 946 3436 1104 3512; x_wconf 64' lang='lat' dir='ltr'><strong>iteraret.</strong></span> <span class='ocrx_word' id='word_1_174' title='bbox 1127 3471 1140 3503; x_wconf 72' lang='lat' dir='ltr'><strong>r</strong></span> 
     </span>
     <span class='ocr_line' id='line_1_26' title="bbox 275 3559 1234 3661; baseline 0 -25"><span class='ocrx_word' id='word_1_175' title='bbox 275 3563 459 3636; x_wconf 90' lang='lat' dir='ltr'><strong>Christiani</strong></span> <span class='ocrx_word' id='word_1_176' title='bbox 483 3559 624 3658; x_wconf 91' lang='lat' dir='ltr'><strong>quidem</strong></span> <span class='ocrx_word' id='word_1_177' title='bbox 653 3584 734 3633; x_wconf 86' lang='lat' dir='ltr'><strong>eum</strong></span> <span class='ocrx_word' id='word_1_178' title='bbox 761 3562 922 3661; x_wconf 87' lang='lat' dir='ltr'><strong>episcopo</strong></span> <span class='ocrx_word' id='word_1_179' title='bbox 954 3562 1135 3636; x_wconf 89' lang='lat' dir='ltr'><strong>ecclesiam</strong></span> <span class='ocrx_word' id='word_1_180' title='bbox 1171 3564 1234 3636; x_wconf 87' lang='lat' dir='ltr'><strong>ha·</strong></span> 
     </span>
    </p>
   </div>
   <div class='ocr_carea' id='block_1_5' title="bbox 261 3865 938 4187">
    <p class='ocr_par' dir='ltr' id='par_1_5' title="bbox 261 3865 938 4019">
     <span class='ocr_line' id='line_1_27' title="bbox 263 3865 938 3936; baseline -0.006 -16"><span class='ocrx_word' id='word_1_181' title='bbox 263 3879 284 3921; x_wconf 89' lang='lat'><strong>1.</strong></span> <span class='ocrx_word' id='word_1_182' title='bbox 303 3867 440 3936; x_wconf 81' lang='lat' dir='ltr'><strong>cyprian,</strong></span> <span class='ocrx_word' id='word_1_183' title='bbox 451 3868 485 3919; x_wconf 85' lang='lat' dir='ltr'><strong>dc</strong></span> <span class='ocrx_word' id='word_1_184' title='bbox 498 3869 600 3932; x_wconf 74' lang='lat' dir='ltr'><strong>lapsis,</strong></span> <span class='ocrx_word' id='word_1_185' title='bbox 614 3865 784 3933; x_wconf 85' lang='lat' dir='ltr'><strong>potissimum</strong></span> <span class='ocrx_word' id='word_1_186' title='bbox 792 3879 848 3933; x_wconf 83' lang='lat' dir='ltr'><strong>cap.</strong></span> <span class='ocrx_word' id='word_1_187' title='bbox 859 3865 938 3919; x_wconf 79' lang='lat' dir='ltr'>XXX.</span> 
     </span>
     <span class='ocr_line' id='line_1_28' title="bbox 261 3950 565 4019; baseline -0.016 -14"><span class='ocrx_word' id='word_1_188' title='bbox 261 3963 285 4005; x_wconf 77' lang='lat' dir='ltr'><strong>s.</strong></span> <span class='ocrx_word' id='word_1_189' title='bbox 302 3956 454 4019; x_wconf 80' lang='lat' dir='ltr'><strong>DeLopst&#39;s,</strong></span> <span class='ocrx_word' id='word_1_190' title='bbox 464 3950 565 4003; x_wconf 83' lang='lat' dir='ltr'>XXXV.</span> 
     </span>
    </p>

    <p class='ocr_par' dir='ltr' id='par_1_6' title="bbox 261 4032 872 4104">
     <span class='ocr_line' id='line_1_29' title="bbox 261 4032 872 4104; baseline -0.011 -14"><span class='ocrx_word' id='word_1_191' title='bbox 261 4045 285 4090; x_wconf 77' lang='grc'><strong>3.</strong></span> <span class='ocrx_word' id='word_1_192' title='bbox 302 4042 341 4090; x_wconf 83' lang='lat' dir='ltr'><strong>De</strong></span> <span class='ocrx_word' id='word_1_193' title='bbox 352 4039 454 4104; x_wconf 73' lang='lat' dir='ltr'><strong>Lepsia,</strong></span> <span class='ocrx_word' id='word_1_194' title='bbox 466 4034 622 4090; x_wconf 85' lang='lat' dir='ltr'><strong>oxoniensis</strong></span> <span class='ocrx_word' id='word_1_195' title='bbox 632 4032 764 4094; x_wconf 86' lang='lat' dir='ltr'><strong>editionis,</strong></span> <span class='ocrx_word' id='word_1_196' title='bbox 781 4049 804 4086; x_wconf 89' lang='lat' dir='ltr'><strong>e.</strong></span> <span class='ocrx_word' id='word_1_197' title='bbox 817 4049 872 4087; x_wconf 82' lang='lat' dir='ltr'><strong>xvr.</strong></span> 
     </span>
    </p>

    <p class='ocr_par' dir='ltr' id='par_1_7' title="bbox 261 4119 582 4187">
     <span class='ocr_line' id='line_1_30' title="bbox 261 4119 582 4187; baseline -0.009 -14"><span class='ocrx_word' id='word_1_198' title='bbox 261 4129 284 4173; x_wconf 77' lang='lat'><strong>4.</strong></span> <span class='ocrx_word' id='word_1_199' title='bbox 305 4126 341 4173; x_wconf 83' lang='lat' dir='ltr'><strong>De</strong></span> <span class='ocrx_word' id='word_1_200' title='bbox 353 4125 456 4187; x_wconf 75' lang='lat' dir='ltr'><strong>lapsis,</strong></span> <span class='ocrx_word' id='word_1_201' title='bbox 470 4119 582 4174; x_wconf 77' lang='lat' dir='ltr'>XXXVI.</span> 
     </span>
    </p>
   </div>
   <div class='ocr_carea' id='block_1_6' title="bbox 0 0 1661 5272">
    <p class='ocr_par' dir='ltr' id='par_1_8' title="bbox 0 0 1661 5272">
     <span class='ocr_line' id='line_1_31' title="bbox 0 0 1661 5272; baseline 0 0"><span class='ocrx_word' id='word_1_202' title='bbox 0 0 1661 5272; x_wconf 95' lang='lat' dir='ltr'><strong> </strong></span> 
     </span>
    </p>
   </div>
  </div>
 </body>
</html>
