3300 5272
543 508 670 559 murras
696 486 734 559 'm
758 471 937 559 uonrnns.'
1182 483 1229 555 79

221 637 258 710 in
271 635 392 710 litteris
411 634 601 733 sepissime
619 637 885 713 christianorum
902 635 1047 709 munera
1064 632 1230 708 iratribus

222 757 453 860 indigentibus
467 758 603 834 mittere
621 784 660 835 se
680 759 843 837 declaret.
866 761 912 832 lt
923 755 1095 857 quidquid
1113 757 1180 848 sit,
1199 757 1230 831 si

223 883 315 983 apud
334 907 393 958 eos
411 906 482 957 non
491 890 579 981 jam,
599 896 638 959 ut
653 884 854 959 Tertulliani
867 892 979 975 aetate,
997 883 1115 956 amnia
1126 880 1229 980 plane

221 1005 410 1083 indiscreta
425 1018 526 1082 erant
543 1018 578 1081 et
594 1009 829 1094 communia¹‚
849 1031 926 1083 sese
948 1018 1065 1081 tamen
1083 1006 1233 1080 invicem

223 1131 387 1231 singulari
400 1132 732 1231 charitateprnlecto
745 1130 1069 1231 complectebantur.
1083 1130 1232 1206 Romani

223 1256 316 1330 enim
328 1253 520 1356 presbyteri
535 1279 576 1330 ac
591 1255 745 1344 diaconi,
767 1280 848 1331 cum
861 1253 905 1328 ad
920 1255 1129 1354 cyprianum
1146 1253 1232 1327 scri·

222 1377 366 1470 herent,
391 1379 726 1479 Carthaginiensium
747 1380 1017 1455 Christianorum
1045 1408 1064 1446 α
1077 1399 1233 1452 amarem

223 1513 381 1577 mutuum
395 1515 431 1577 et
444 1503 648 1579 charitatem
666 1502 833 1602 exemplis
847 1503 966 1591 multis
983 1502 1167 1601 reciproca
1183 1501 1234 1575 al·

228 1626 388 1701 lectionis
398 1629 434 1701 in
446 1651 483 1702 se
492 1629 641 1704 invicem
652 1652 745 1728 saepe
751 1639 965 1727 compertum
980 1658 998 1695 >r
1014 1650 1233 1726 summopere

187 1774 189 1778 ·
225 1749 498 1850 praedicabant&
528 1756 591 1845 lta,
619 1751 792 1829 Numidiae
809 1753 983 1851 episeopis
999 1752 1060 1850 qui
1081 1752 1235 1849 captivos

225 1874 436 1950 Christianos
460 1898 480 1950 e
504 1875 662 1950 barbarie
678 1875 898 1970 redimerent,
915 1876 1073 1951 sestertia
1094 1886 1234 1967 centum

226 1999 346 2093 millia,
362 1998 543 2074 collatione
562 1999 670 2090 iacta,
690 1998 773 2074 dare
796 2001 922 2098 putuit,
942 2010 978 2073 et
998 2010 1113 2098 grates
1133 2020 1234 2096 agere

226 2121 320 2220 quud
348 2145 372 2194 a
395 2122 724 2224 Carthaginensibus
747 2124 822 2198 suis
848 2147 951 2222 opem
978 2123 1170 2221 petiissent,
1198 2131 1235 2194 et

230 2248 281 2320 ita
295 2246 422 2346 populo
439 2249 539 2347 quasi
555 2271 679 2348 egram
695 2247 916 2324 tradidissent
932 2250 970 2323 in
989 2270 1094 2347 quem
1116 2269 1234 2321 semen

227 2372 413 2463 emitteret,
433 2395 583 2446 messem
607 2372 646 2446 in
668 2359 755 2446 cudo
775 2370 974 2447 daturum³.
1002 2372 1067 2446 ilis
1095 2369 1234 2470 quidem

225 2494 345 2589 dunis,
364 2494 432 2570 hoc
445 2495 571 2589 studia,
586 2495 654 2570 hac
669 2497 706 2571 in
723 2496 877 2594 captivos
888 2495 1046 2571 benefica
1060 2494 1234 2570 voluntate

225 2617 450 2716 magnificum
467 2618 692 2717 praebuerunt
721 2618 919 2717 exemplum
942 2619 1036 2718 quod
1063 2620 1186 2704 secuti,
1213 2644 1235 2694 a

226 2744 391 2817 servitute
405 2741 589 2818 duodecim
602 2753 744 2817 centum
757 2743 867 2818 millia
880 2743 1150 2820 Chrisdanmum
1163 2747 1236 2819 viu·

226 2867 358 2943 dicasse
377 2880 454 2944 tum
475 2891 498 2942 a
518 2866 678 2969 Mercede
700 2868 838 2964 iratres,
859 2880 935 2946 tum
961 2870 1135 2945 Trinitarii
1148 2871 1235 2946 sccii

227 2990 404 3077 dicuntur.
429 2994 476 3067 At
497 2990 626 3068 librum
649 2996 690 3068 dc
710 3017 805 3092 opere
830 3006 862 3069 et
886 2995 1097 3092 cleaaaryab
1122 2995 1237 3095 legere

227 3120 312 3191 satis
332 3127 387 3192 cst
406 3126 447 3191 ut
463 3116 605 3216 hujusce
623 3115 788 3193 Ecclesia
808 3142 929 3194 senens
944 3118 1048 3218 plane
1074 3142 1236 3218 agnosca·

227 3263 318 3316 mus.
334 3243 573 3319 Necessarium
590 3242 725 3317 sufficet
737 3240 926 3337 admodum
936 3266 1012 3318 cese
1032 3242 1236 3319 charitatem

227 3360 536 3461 comprobaturus,
564 3361 648 3438 dicit
671 3375 793 3439 auctor
816 3365 991 3440 neminem
1016 3364 1142 3440 Christi
1157 3389 1234 3464 gra·

226 3485 312 3560 tiam
322 3486 513 3584 promereri
526 3486 594 3560 nisi
612 3489 649 3561 in
663 3487 749 3562 alius
767 3487 917 3583 bonum,
933 3488 1001 3563 nisi
1017 3490 1054 3563 in
1068 3510 1235 3588 pauperes

225 3607 441 3698 benefimm,
471 3609 663 3709 mseritque
683 3634 792 3710 quum
814 3634 935 3711 preces
960 3624 1036 3688 tum
1049 3613 1181 3712 jejunia
1202 3612 1235 3687 ei

228 3732 302 3808 lore
319 3732 456 3808 inutilia
470 3735 529 3834 qui
554 3735 604 3808 rei
622 3759 694 3810 suae
712 3759 788 3811 aesc
809 3735 979 3836 preberet
1000 3737 1232 3812 attentiorem.

263 3959 286 4002 l.
301 3950 469 4017 tertullien,
480 3954 554 4020 spot.
564 3954 678 4008 mlx.

261 4041 288 4088 t.
304 4039 379 4090 Iam
392 4040 521 4104 cyprum
532 4042 625 4107 ομνα,
640 4038 713 4110 apud
721 4041 870 4103 Bassam,
881 4043 966 4109 aaut.
975 4038 1054 4096 m

262 4135 288 4181 ³.
305 4128 439 4198 Cypriam,
454 4132 599 4200 Epist-XL.
