<?xml version="1.0" encoding="UTF-8"?>
<!DOCTYPE html PUBLIC "-//W3C//DTD XHTML 1.0 Transitional//EN"
    "http://www.w3.org/TR/xhtml1/DTD/xhtml1-transitional.dtd">
<html xmlns="http://www.w3.org/1999/xhtml" xml:lang="en" lang="en">
 <head>
  <title>
</title>
<meta http-equiv="Content-Type" content="text/html;charset=utf-8" />
  <meta name='ocr-system' content='tesseract 3.04.00' />
  <meta name='ocr-capabilities' content='ocr_page ocr_carea ocr_par ocr_line ocrx_word'/>
</head>
<body>
  <div class='ocr_page' id='page_1' title='image "./desanctocyprian00blamgoog_0298.png"; bbox 0 0 3300 5272; ppageno 0'>
   <div class='ocr_carea' id='block_1_1' title="bbox 214 336 872 413">
    <p class='ocr_par' dir='ltr' id='par_1_1' title="bbox 214 336 872 413">
     <span class='ocr_line' id='line_1_1' title="bbox 214 336 872 413; baseline 0.005 -18"><span class='ocrx_word' id='word_1_1' title='bbox 214 358 272 413; x_wconf 65' lang='grc' dir='ltr'>ςςςι</span> <span class='ocrx_word' id='word_1_2' title='bbox 690 336 872 399; x_wconf 62' lang='lat' dir='ltr'><strong>inunum</strong></span> 
     </span>
    </p>
   </div>
   <div class='ocr_carea' id='block_1_2' title="bbox 212 510 1401 3090">
    <p class='ocr_par' dir='ltr' id='par_1_2' title="bbox 212 510 1401 2469">
     <span class='ocr_line' id='line_1_2' title="bbox 212 510 1340 612; baseline -0.007 -17"><span class='ocrx_word' id='word_1_3' title='bbox 212 528 356 607; x_wconf 72' lang='grc' dir='ltr'>λελιίσιος</span> <span class='ocrx_word' id='word_1_4' title='bbox 380 527 440 591; x_wconf 80' lang='grc' dir='ltr'>ποῦ</span> <span class='ocrx_word' id='word_1_5' title='bbox 466 514 601 612; x_wconf 84' lang='grc' dir='ltr'>σιτιίρινς</span> <span class='ocrx_word' id='word_1_6' title='bbox 621 516 677 582; x_wconf 77' lang='grc' dir='ltr'>οὐκ</span> <span class='ocrx_word' id='word_1_7' title='bbox 702 514 763 605; x_wconf 86' lang='grc' dir='ltr'>ίχω</span> <span class='ocrx_word' id='word_1_8' title='bbox 784 514 888 604; x_wconf 69' lang='grc' dir='ltr'>χώραν</span> <span class='ocrx_word' id='word_1_9' title='bbox 910 510 1032 605; x_wconf 77' lang='grc' dir='ltr'>ἔρημον.</span> <span class='ocrx_word' id='word_1_10' title='bbox 1054 518 1167 585; x_wconf 82' lang='lat' dir='ltr'><strong>Codex</strong></span> <span class='ocrx_word' id='word_1_11' title='bbox 1185 519 1273 610; x_wconf 75' lang='lat'>3087</span> <span class='ocrx_word' id='word_1_12' title='bbox 1290 545 1340 588; x_wconf 82' lang='grc' dir='ltr'>το-</span> 
     </span>
     <span class='ocr_line' id='line_1_3' title="bbox 215 639 1340 737; baseline -0.008 -16"><span class='ocrx_word' id='word_1_13' title='bbox 215 651 418 723; x_wconf 80' lang='grc' dir='ltr'>ιιοιιείιιίιιιιιι</span> <span class='ocrx_word' id='word_1_14' title='bbox 443 642 591 737; x_wconf 83' lang='lat' dir='ltr'><strong>quidem,</strong></span> <span class='ocrx_word' id='word_1_15' title='bbox 616 640 674 707; x_wconf 74' lang='lat' dir='ltr'>sed</span> <span class='ocrx_word' id='word_1_16' title='bbox 696 661 738 705; x_wconf 82' lang='lat' dir='ltr'>ex</span> <span class='ocrx_word' id='word_1_17' title='bbox 755 639 913 705; x_wconf 72' lang='lat' dir='ltr'><strong>Vaticano</strong></span> <span class='ocrx_word' id='word_1_18' title='bbox 933 643 1067 731; x_wconf 85' lang='lat' dir='ltr'><strong>antiquo</strong></span> <span class='ocrx_word' id='word_1_19' title='bbox 1092 641 1270 734; x_wconf 77' lang='grc' dir='ltr'>ἀοειαίριιιε</span> <span class='ocrx_word' id='word_1_20' title='bbox 1285 643 1340 712; x_wconf 82' lang='grc' dir='ltr'>ιτί</span> 
     </span>
     <span class='ocr_line' id='line_1_4' title="bbox 216 756 1339 858; baseline -0.004 -19"><span class='ocrx_word' id='word_1_21' title='bbox 216 779 356 855; x_wconf 63' lang='lat' dir='ltr'>mulceor</span> <span class='ocrx_word' id='word_1_22' title='bbox 374 767 407 837; x_wconf 84' lang='grc' dir='ltr'>τί</span> <span class='ocrx_word' id='word_1_23' title='bbox 419 770 500 835; x_wconf 76' lang='grc' dir='ltr'>λαλ.</span> <span class='ocrx_word' id='word_1_24' title='bbox 518 809 526 828; x_wconf 84' lang='lat'><strong>·</strong></span> <span class='ocrx_word' id='word_1_25' title='bbox 545 806 554 827; x_wconf 83' lang='lat'><strong>·</strong></span> <span class='ocrx_word' id='word_1_26' title='bbox 581 765 673 831; x_wconf 86' lang='lat' dir='ltr'><strong>Idem</strong></span> <span class='ocrx_word' id='word_1_27' title='bbox 690 763 789 852; x_wconf 84' lang='lat' dir='ltr'><strong>paulo</strong></span> <span class='ocrx_word' id='word_1_28' title='bbox 804 765 972 853; x_wconf 73' lang='lat' dir='ltr'><strong>superius:</strong></span> <span class='ocrx_word' id='word_1_29' title='bbox 990 761 1122 853; x_wconf 77' lang='grc' dir='ltr'>ἤλθομεν</span> <span class='ocrx_word' id='word_1_30' title='bbox 1144 765 1173 831; x_wconf 87' lang='grc' dir='ltr'>οἱ</span> <span class='ocrx_word' id='word_1_31' title='bbox 1195 756 1339 858; x_wconf 70' lang='grc' dir='ltr'>διωχθέν-</span> 
     </span>
     <span class='ocr_line' id='line_1_5' title="bbox 217 879 1338 990; baseline -0.002 -31"><span class='ocrx_word' id='word_1_32' title='bbox 217 920 267 977; x_wconf 77' lang='grc' dir='ltr'>τις</span> <span class='ocrx_word' id='word_1_33' title='bbox 284 896 360 990; x_wconf 78' lang='grc' dir='ltr'>πρὸς</span> <span class='ocrx_word' id='word_1_34' title='bbox 374 891 446 969; x_wconf 76' lang='grc' dir='ltr'>τοὺς</span> <span class='ocrx_word' id='word_1_35' title='bbox 461 885 638 963; x_wconf 85' lang='grc' dir='ltr'>ίλαθίντας·</span> <span class='ocrx_word' id='word_1_36' title='bbox 657 889 744 976; x_wconf 65' lang='grc' dir='ltr'>ἡμεῖς</span> <span class='ocrx_word' id='word_1_37' title='bbox 758 879 1035 977; x_wconf 74' lang='grc' dir='ltr'>ίπείοολιύδηριεν,</span> <span class='ocrx_word' id='word_1_38' title='bbox 1051 887 1157 955; x_wconf 84' lang='grc' dir='ltr'>ίαιῖνοι</span> <span class='ocrx_word' id='word_1_39' title='bbox 1170 888 1338 964; x_wconf 68' lang='grc' dir='ltr'>ἠλάθησαν.</span> 
     </span>
     <span class='ocr_line' id='line_1_6' title="bbox 217 1007 1342 1108; baseline -0.003 -21"><span class='ocrx_word' id='word_1_40' title='bbox 217 1021 350 1103; x_wconf 77' lang='lat' dir='ltr'><strong>Codex,</strong></span> <span class='ocrx_word' id='word_1_41' title='bbox 363 1013 561 1093; x_wconf 75' lang='grc' dir='ltr'>ίλασίίνπας,</span> <span class='ocrx_word' id='word_1_42' title='bbox 581 1007 768 1086; x_wconf 53' lang='lat' dir='ltr'>filiolum.</span> <span class='ocrx_word' id='word_1_43' title='bbox 785 1013 896 1094; x_wconf 89' lang='lat' dir='ltr'><strong>Quum</strong></span> <span class='ocrx_word' id='word_1_44' title='bbox 917 1014 959 1078; x_wconf 79' lang='lat' dir='ltr'><strong>sit</strong></span> <span class='ocrx_word' id='word_1_45' title='bbox 977 1031 1111 1104; x_wconf 77' lang='lat' dir='ltr'><strong>utruque</strong></span> <span class='ocrx_word' id='word_1_46' title='bbox 1128 1017 1232 1083; x_wconf 79' lang='lat' dir='ltr'><strong>formu</strong></span> <span class='ocrx_word' id='word_1_47' title='bbox 1252 1042 1342 1108; x_wconf 74' lang='lat' dir='ltr'>eque</span> 
     </span>
     <span class='ocr_line' id='line_1_7' title="bbox 218 1136 1341 1231; baseline -0.007 -17"><span class='ocrx_word' id='word_1_48' title='bbox 218 1148 253 1214; x_wconf 85' lang='lat' dir='ltr'>in</span> <span class='ocrx_word' id='word_1_49' title='bbox 269 1168 344 1225; x_wconf 86' lang='grc' dir='ltr'>ιινιι,</span> <span class='ocrx_word' id='word_1_50' title='bbox 368 1165 408 1208; x_wconf 78' lang='lat' dir='ltr'>cx</span> <span class='ocrx_word' id='word_1_51' title='bbox 428 1139 582 1230; x_wconf 77' lang='lat' dir='ltr'><strong>peculiari</strong></span> <span class='ocrx_word' id='word_1_52' title='bbox 598 1139 738 1202; x_wconf 79' lang='lat' dir='ltr'><strong>oratorie</strong></span> <span class='ocrx_word' id='word_1_53' title='bbox 754 1160 814 1200; x_wconf 74' lang='lat' dir='ltr'>usu</span> <span class='ocrx_word' id='word_1_54' title='bbox 839 1137 955 1203; x_wconf 83' lang='lat' dir='ltr'>electio</span> <span class='ocrx_word' id='word_1_55' title='bbox 972 1136 1037 1204; x_wconf 78' lang='lat' dir='ltr'><strong>fiet.</strong></span> <span class='ocrx_word' id='word_1_56' title='bbox 1058 1139 1172 1205; x_wconf 76' lang='lat' dir='ltr'><strong>Statim</strong></span> <span class='ocrx_word' id='word_1_57' title='bbox 1185 1163 1194 1207; x_wconf 81' lang='grc' dir='ltr'>ι</span> <span class='ocrx_word' id='word_1_58' title='bbox 1209 1138 1341 1231; x_wconf 72' lang='grc' dir='ltr'>ἥλθοραν</span> 
     </span>
     <span class='ocr_line' id='line_1_8' title="bbox 219 1254 1339 1360; baseline -0.003 -26"><span class='ocrx_word' id='word_1_59' title='bbox 219 1263 294 1360; x_wconf 85' lang='grc' dir='ltr'>πρδς</span> <span class='ocrx_word' id='word_1_60' title='bbox 311 1259 353 1330; x_wconf 81' lang='grc' dir='ltr'>τδι</span> <span class='ocrx_word' id='word_1_61' title='bbox 377 1262 511 1353; x_wconf 71' lang='grc' dir='ltr'>σώματα</span> <span class='ocrx_word' id='word_1_62' title='bbox 538 1259 612 1352; x_wconf 77' lang='grc' dir='ltr'>ἅγια</span> <span class='ocrx_word' id='word_1_63' title='bbox 638 1265 696 1324; x_wconf 83' lang='grc' dir='ltr'>τοῦ</span> <span class='ocrx_word' id='word_1_64' title='bbox 720 1262 858 1349; x_wconf 76' lang='grc' dir='ltr'>Χριστοῦ</span> <span class='ocrx_word' id='word_1_65' title='bbox 882 1254 1086 1342; x_wconf 87' lang='grc' dir='ltr'>βαστοίσαντα</span> <span class='ocrx_word' id='word_1_66' title='bbox 1107 1257 1149 1328; x_wconf 84' lang='grc' dir='ltr'>τδι</span> <span class='ocrx_word' id='word_1_67' title='bbox 1171 1261 1339 1355; x_wconf 78' lang='grc' dir='ltr'>στίγματα.</span> 
     </span>
     <span class='ocr_line' id='line_1_9' title="bbox 219 1377 1342 1476; baseline -0.007 -16"><span class='ocrx_word' id='word_1_68' title='bbox 219 1391 349 1473; x_wconf 74' lang='lat' dir='ltr'>codex,</span> <span class='ocrx_word' id='word_1_69' title='bbox 370 1384 559 1476; x_wconf 73' lang='grc' dir='ltr'>τὰσώματα</span> <span class='ocrx_word' id='word_1_70' title='bbox 579 1379 621 1450; x_wconf 77' lang='grc' dir='ltr'>τὰ</span> <span class='ocrx_word' id='word_1_71' title='bbox 635 1383 720 1476; x_wconf 81' lang='grc' dir='ltr'>ἅγια.</span> <span class='ocrx_word' id='word_1_72' title='bbox 742 1390 784 1453; x_wconf 83' lang='lat' dir='ltr'>Et</span> <span class='ocrx_word' id='word_1_73' title='bbox 797 1390 844 1453; x_wconf 80' lang='lat' dir='ltr'><strong>sic</strong></span> <span class='ocrx_word' id='word_1_74' title='bbox 859 1388 959 1454; x_wconf 82' lang='lat' dir='ltr'><strong>latinu</strong></span> <span class='ocrx_word' id='word_1_75' title='bbox 973 1393 1152 1456; x_wconf 71' lang='lat' dir='ltr'><strong>conversio.</strong></span> <span class='ocrx_word' id='word_1_76' title='bbox 1174 1392 1271 1475; x_wconf 83' lang='lat' dir='ltr'>Mox,</span> <span class='ocrx_word' id='word_1_77' title='bbox 1288 1377 1342 1453; x_wconf 79' lang='grc' dir='ltr'>διὰ</span> 
     </span>
     <span class='ocr_line' id='line_1_10' title="bbox 220 1497 1343 1603; baseline -0.004 -21"><span class='ocrx_word' id='word_1_78' title='bbox 220 1521 312 1582; x_wconf 82' lang='grc' dir='ltr'>τοῦτο</span> <span class='ocrx_word' id='word_1_79' title='bbox 331 1513 521 1603; x_wconf 77' lang='grc' dir='ltr'>παρακαλῶ,</span> <span class='ocrx_word' id='word_1_80' title='bbox 546 1509 605 1597; x_wconf 80' lang='grc' dir='ltr'>οὐχ</span> <span class='ocrx_word' id='word_1_81' title='bbox 623 1513 663 1585; x_wconf 87' lang='grc' dir='ltr'>ὡς</span> <span class='ocrx_word' id='word_1_82' title='bbox 687 1497 837 1598; x_wconf 72' lang='grc' dir='ltr'>δεομένων</span> <span class='ocrx_word' id='word_1_83' title='bbox 858 1514 942 1600; x_wconf 77' lang='grc' dir='ltr'>ὑμῶν</span> <span class='ocrx_word' id='word_1_84' title='bbox 958 1499 1181 1596; x_wconf 76' lang='grc' dir='ltr'>διδασκαλίας,</span> <span class='ocrx_word' id='word_1_85' title='bbox 1202 1513 1271 1579; x_wconf 80' lang='grc' dir='ltr'>αλλ’</span> <span class='ocrx_word' id='word_1_86' title='bbox 1292 1513 1343 1578; x_wconf 85' lang='grc' dir='ltr'>ίνα</span> 
     </span>
     <span class='ocr_line' id='line_1_11' title="bbox 221 1623 1342 1726; baseline 0.008 -31"><span class='ocrx_word' id='word_1_87' title='bbox 221 1628 312 1713; x_wconf 70' lang='grc' dir='ltr'>δείξω</span> <span class='ocrx_word' id='word_1_88' title='bbox 334 1636 392 1707; x_wconf 77' lang='grc' dir='ltr'>τὴν</span> <span class='ocrx_word' id='word_1_89' title='bbox 412 1630 488 1721; x_wconf 75' lang='grc' dir='ltr'>πρὸς</span> <span class='ocrx_word' id='word_1_90' title='bbox 508 1633 587 1720; x_wconf 78' lang='grc' dir='ltr'>ὑμᾶς</span> <span class='ocrx_word' id='word_1_91' title='bbox 609 1628 733 1722; x_wconf 75' lang='grc' dir='ltr'>ἀγάπην</span> <span class='ocrx_word' id='word_1_92' title='bbox 752 1629 888 1723; x_wconf 79' lang='grc' dir='ltr'>γνησίαν.</span> <span class='ocrx_word' id='word_1_93' title='bbox 913 1635 1043 1717; x_wconf 82' lang='lat' dir='ltr'>Codex,</span> <span class='ocrx_word' id='word_1_94' title='bbox 1073 1623 1226 1726; x_wconf 75' lang='grc' dir='ltr'>δεόμενος.</span> <span class='ocrx_word' id='word_1_95' title='bbox 1257 1641 1342 1704; x_wconf 87' lang='lat' dir='ltr'>Tunr</span> 
     </span>
     <span class='ocr_line' id='line_1_12' title="bbox 222 1745 1341 1852; baseline -0.004 -23"><span class='ocrx_word' id='word_1_96' title='bbox 222 1760 378 1829; x_wconf 79' lang='lat' dir='ltr'><strong>orationis</strong></span> <span class='ocrx_word' id='word_1_97' title='bbox 412 1761 446 1823; x_wconf 90' lang='lat' dir='ltr'>in</span> <span class='ocrx_word' id='word_1_98' title='bbox 481 1759 553 1846; x_wconf 76' lang='lat' dir='ltr'><strong>ipso</strong></span> <span class='ocrx_word' id='word_1_99' title='bbox 584 1756 648 1822; x_wconf 87' lang='lat' dir='ltr'>fine</span> <span class='ocrx_word' id='word_1_100' title='bbox 674 1781 682 1822; x_wconf 76' lang='grc' dir='ltr'>ι</span> <span class='ocrx_word' id='word_1_101' title='bbox 707 1754 839 1821; x_wconf 77' lang='grc' dir='ltr'>ἐνταῦθα</span> <span class='ocrx_word' id='word_1_102' title='bbox 861 1745 896 1820; x_wconf 75' lang='grc' dir='ltr'>δὲ</span> <span class='ocrx_word' id='word_1_103' title='bbox 914 1759 1160 1849; x_wconf 77' lang='grc' dir='ltr'>καταπαύσωμεν</span> <span class='ocrx_word' id='word_1_104' title='bbox 1179 1757 1232 1825; x_wconf 83' lang='grc' dir='ltr'>τὸν</span> <span class='ocrx_word' id='word_1_105' title='bbox 1247 1758 1341 1852; x_wconf 81' lang='grc' dir='ltr'>λόγον</span> 
     </span>
     <span class='ocr_line' id='line_1_13' title="bbox 222 1872 1340 1976; baseline 0.001 -25"><span class='ocrx_word' id='word_1_106' title='bbox 222 1886 472 1976; x_wconf 73' lang='grc' dir='ltr'>εὐχαριστοῦντες</span> <span class='ocrx_word' id='word_1_107' title='bbox 484 1877 534 1945; x_wconf 77' lang='lat' dir='ltr'>lul</span> <span class='ocrx_word' id='word_1_108' title='bbox 551 1881 627 1943; x_wconf 81' lang='grc' dir='ltr'>πᾶσι</span> <span class='ocrx_word' id='word_1_109' title='bbox 641 1886 687 1963; x_wconf 83' lang='grc' dir='ltr'>τῷ</span> <span class='ocrx_word' id='word_1_110' title='bbox 699 1878 902 1969; x_wconf 77' lang='grc' dir='ltr'>φιλανθρώπῳ</span> <span class='ocrx_word' id='word_1_111' title='bbox 918 1877 975 1968; x_wconf 83' lang='grc' dir='ltr'>θεῷ</span> <span class='ocrx_word' id='word_1_112' title='bbox 991 1879 1015 1968; x_wconf 82' lang='grc' dir='ltr'>ᾧ</span> <span class='ocrx_word' id='word_1_113' title='bbox 1029 1872 1108 1958; x_wconf 77' lang='grc' dir='ltr'>διίξα</span> <span class='ocrx_word' id='word_1_114' title='bbox 1122 1886 1191 1950; x_wconf 82' lang='grc' dir='ltr'>κτλ.</span> <span class='ocrx_word' id='word_1_115' title='bbox 1207 1885 1340 1952; x_wconf 86' lang='lat' dir='ltr'><strong>Codex:</strong></span> 
     </span>
     <span class='ocr_line' id='line_1_14' title="bbox 220 2000 1345 2096; baseline 0 -21"><span class='ocrx_word' id='word_1_116' title='bbox 220 2006 410 2075; x_wconf 77' lang='grc' dir='ltr'>καταπαύσω</span> <span class='ocrx_word' id='word_1_117' title='bbox 428 2028 488 2095; x_wconf 77' lang='grc' dir='ltr'>μου</span> <span class='ocrx_word' id='word_1_118' title='bbox 514 2000 568 2069; x_wconf 86' lang='grc' dir='ltr'>τὸν</span> <span class='ocrx_word' id='word_1_119' title='bbox 587 2001 693 2094; x_wconf 76' lang='grc' dir='ltr'>λόγον.</span> <span class='ocrx_word' id='word_1_120' title='bbox 714 2033 768 2050; x_wconf 91' lang='lat'>-··</span> <span class='ocrx_word' id='word_1_121' title='bbox 783 2003 1045 2096; x_wconf 81' lang='grc' dir='ltr'>Εὐχαριστοῦντες</span> <span class='ocrx_word' id='word_1_122' title='bbox 1077 2049 1140 2071; x_wconf 67' lang='grc' dir='ltr'>..ι</span> <span class='ocrx_word' id='word_1_123' title='bbox 1159 2009 1214 2074; x_wconf 86' lang='lat' dir='ltr'><strong>Sic</strong></span> <span class='ocrx_word' id='word_1_124' title='bbox 1230 2007 1345 2075; x_wconf 81' lang='lat' dir='ltr'><strong>dividit</strong></span> 
     </span>
     <span class='ocr_line' id='line_1_15' title="bbox 222 2126 1343 2216; baseline -0.002 -17"><span class='ocrx_word' id='word_1_125' title='bbox 222 2132 396 2199; x_wconf 70' lang='lat' dir='ltr'><strong>sententies</strong></span> <span class='ocrx_word' id='word_1_126' title='bbox 412 2127 533 2209; x_wconf 77' lang='lat' dir='ltr'><strong>codex,</strong></span> <span class='ocrx_word' id='word_1_127' title='bbox 558 2143 596 2191; x_wconf 83' lang='lat' dir='ltr'>ut</span> <span class='ocrx_word' id='word_1_128' title='bbox 609 2126 857 2216; x_wconf 82' lang='grc' dir='ltr'>ιύχαριστοῦντις</span> <span class='ocrx_word' id='word_1_129' title='bbox 876 2133 918 2196; x_wconf 81' lang='lat' dir='ltr'><strong>sit</strong></span> <span class='ocrx_word' id='word_1_130' title='bbox 929 2130 1150 2214; x_wconf 76' lang='lat' dir='ltr'><strong>valedicendi,</strong></span> <span class='ocrx_word' id='word_1_131' title='bbox 1164 2148 1196 2198; x_wconf 87' lang='lat' dir='ltr'>et</span> <span class='ocrx_word' id='word_1_132' title='bbox 1208 2133 1343 2198; x_wconf 91' lang='lat' dir='ltr'><strong>conclu·</strong></span> 
     </span>
     <span class='ocr_line' id='line_1_16' title="bbox 223 2250 1401 2342; baseline -0.002 -19"><span class='ocrx_word' id='word_1_133' title='bbox 223 2256 322 2323; x_wconf 86' lang='lat' dir='ltr'><strong>dendi</strong></span> <span class='ocrx_word' id='word_1_134' title='bbox 337 2253 518 2318; x_wconf 86' lang='lat' dir='ltr'><strong>orationem</strong></span> <span class='ocrx_word' id='word_1_135' title='bbox 540 2250 678 2316; x_wconf 80' lang='lat' dir='ltr'><strong>formula</strong></span> <span class='ocrx_word' id='word_1_136' title='bbox 695 2253 846 2342; x_wconf 85' lang='lat' dir='ltr'><strong>ellipticu.</strong></span> <span class='ocrx_word' id='word_1_137' title='bbox 871 2255 913 2318; x_wconf 86' lang='lat' dir='ltr'>Et</span> <span class='ocrx_word' id='word_1_138' title='bbox 939 2254 973 2319; x_wconf 94' lang='lat' dir='ltr'><strong>id</strong></span> <span class='ocrx_word' id='word_1_139' title='bbox 991 2279 1030 2320; x_wconf 85' lang='lat' dir='ltr'>ex</span> <span class='ocrx_word' id='word_1_140' title='bbox 1052 2280 1115 2322; x_wconf 74' lang='lat' dir='ltr'>usu</span> <span class='ocrx_word' id='word_1_141' title='bbox 1133 2258 1272 2324; x_wconf 69' lang='lat' dir='ltr'><strong>oratoru</strong></span> <span class='ocrx_word' id='word_1_142' title='bbox 1292 2257 1344 2322; x_wconf 89' lang='lat' dir='ltr'>di·</span> <span class='ocrx_word' id='word_1_143' title='bbox 1396 2322 1401 2333; x_wconf 70' lang='grc'><em>,</em></span> 
     </span>
     <span class='ocr_line' id='line_1_17' title="bbox 220 2379 424 2469; baseline -0.029 -22"><span class='ocrx_word' id='word_1_144' title='bbox 220 2379 424 2469; x_wconf 83' lang='lat' dir='ltr'><strong>judicabitur.</strong></span> 
     </span>
    </p>

    <p class='ocr_par' dir='ltr' id='par_1_3' title="bbox 224 2496 1342 2721">
     <span class='ocr_line' id='line_1_18' title="bbox 266 2496 1342 2592; baseline 0 -24"><span class='ocrx_word' id='word_1_145' title='bbox 266 2503 346 2568; x_wconf 84' lang='lat' dir='ltr'><strong>Fub.</strong></span> <span class='ocrx_word' id='word_1_146' title='bbox 363 2524 417 2589; x_wconf 81' lang='lat'>7²·</span> <span class='ocrx_word' id='word_1_147' title='bbox 429 2497 552 2565; x_wconf 82' lang='lat' dir='ltr'><strong>Confer</strong></span> <span class='ocrx_word' id='word_1_148' title='bbox 564 2502 692 2588; x_wconf 74' lang='lat' dir='ltr'>Burgee.</span> <span class='ocrx_word' id='word_1_149' title='bbox 708 2496 849 2565; x_wconf 74' lang='lat' dir='ltr'><strong>Classico</strong></span> <span class='ocrx_word' id='word_1_150' title='bbox 862 2502 973 2566; x_wconf 83' lang='lat' dir='ltr'><strong>Dierio</strong></span> <span class='ocrx_word' id='word_1_151' title='bbox 986 2517 1009 2567; x_wconf 71' lang='grc' dir='ltr'>ι.</span> <span class='ocrx_word' id='word_1_152' title='bbox 1024 2502 1075 2584; x_wconf 77' lang='lat'>25,</span> <span class='ocrx_word' id='word_1_153' title='bbox 1086 2527 1118 2592; x_wconf 85' lang='lat' dir='ltr'>p.</span> <span class='ocrx_word' id='word_1_154' title='bbox 1136 2527 1198 2592; x_wconf 77' lang='lat'>²7³</span> <span class='ocrx_word' id='word_1_155' title='bbox 1216 2504 1342 2570; x_wconf 84' lang='lat' dir='ltr'><strong>Knoch.</strong></span> 
     </span>
     <span class='ocr_line' id='line_1_19' title="bbox 224 2629 329 2721; baseline -0.019 -27"><span class='ocrx_word' id='word_1_156' title='bbox 224 2655 256 2721; x_wconf 89' lang='lat' dir='ltr'>p.</span> <span class='ocrx_word' id='word_1_157' title='bbox 275 2629 329 2694; x_wconf 81' lang='lat'>25.</span> 
     </span>
    </p>

    <p class='ocr_par' dir='ltr' id='par_1_4' title="bbox 226 2740 1345 3090">
     <span class='ocr_line' id='line_1_20' title="bbox 270 2740 1345 2845; baseline 0.003 -26"><span class='ocrx_word' id='word_1_158' title='bbox 270 2755 347 2842; x_wconf 81' lang='lat' dir='ltr'><strong>Peg.</strong></span> <span class='ocrx_word' id='word_1_159' title='bbox 366 2752 441 2835; x_wconf 84' lang='lat'><strong>136,</strong></span> <span class='ocrx_word' id='word_1_160' title='bbox 454 2776 486 2818; x_wconf 88' lang='lat' dir='ltr'>n.</span> <span class='ocrx_word' id='word_1_161' title='bbox 507 2774 558 2816; x_wconf 76' lang='grc' dir='ltr'>αα.</span> <span class='ocrx_word' id='word_1_162' title='bbox 576 2752 615 2815; x_wconf 87' lang='grc' dir='ltr'>[ιι</span> <span class='ocrx_word' id='word_1_163' title='bbox 628 2753 745 2840; x_wconf 84' lang='lat' dir='ltr'><strong>Ignatii</strong></span> <span class='ocrx_word' id='word_1_164' title='bbox 762 2751 884 2817; x_wconf 79' lang='lat' dir='ltr'><strong>Fabula</strong></span> <span class='ocrx_word' id='word_1_165' title='bbox 898 2776 1019 2818; x_wconf 85' lang='lat' dir='ltr'><strong>nornen</strong></span> <span class='ocrx_word' id='word_1_166' title='bbox 1036 2740 1154 2845; x_wconf 85' lang='grc' dir='ltr'>δῶρον,</span> <span class='ocrx_word' id='word_1_167' title='bbox 1171 2755 1212 2822; x_wconf 91' lang='lat' dir='ltr'>‹le</span> <span class='ocrx_word' id='word_1_168' title='bbox 1228 2756 1345 2845; x_wconf 76' lang='lat' dir='ltr'><strong>plumis</strong></span> 
     </span>
     <span class='ocr_line' id='line_1_21' title="bbox 226 2874 1344 2970; baseline -0.001 -27"><span class='ocrx_word' id='word_1_169' title='bbox 226 2901 244 2943; x_wconf 85' lang='grc' dir='ltr'>ιι</span> <span class='ocrx_word' id='word_1_170' title='bbox 260 2875 426 2942; x_wconf 82' lang='lat' dir='ltr'><strong>cornicula</strong></span> <span class='ocrx_word' id='word_1_171' title='bbox 442 2876 623 2965; x_wconf 80' lang='lat' dir='ltr'><strong>subreptis,</strong></span> <span class='ocrx_word' id='word_1_172' title='bbox 641 2874 735 2940; x_wconf 82' lang='lat' dir='ltr'><strong>valde</strong></span> <span class='ocrx_word' id='word_1_173' title='bbox 752 2892 801 2940; x_wconf 82' lang='lat' dir='ltr'>est</span> <span class='ocrx_word' id='word_1_174' title='bbox 816 2877 1043 2966; x_wconf 87' lang='lat' dir='ltr'><strong>improprium.</strong></span> <span class='ocrx_word' id='word_1_175' title='bbox 1062 2880 1216 2970; x_wconf 88' lang='lat' dir='ltr'><strong>Propono</strong></span> <span class='ocrx_word' id='word_1_176' title='bbox 1231 2886 1344 2968; x_wconf 81' lang='grc' dir='ltr'>φῶρον,</span> 
     </span>
     <span class='ocr_line' id='line_1_22' title="bbox 226 2999 1115 3090; baseline 0.003 -25"><span class='ocrx_word' id='word_1_177' title='bbox 226 2999 316 3088; x_wconf 89' lang='lat' dir='ltr'><strong>quod</strong></span> <span class='ocrx_word' id='word_1_178' title='bbox 332 3000 486 3063; x_wconf 85' lang='lat' dir='ltr'>convenit</span> <span class='ocrx_word' id='word_1_179' title='bbox 500 3000 684 3079; x_wconf 80' lang='lat' dir='ltr'><strong>sententiae,</strong></span> <span class='ocrx_word' id='word_1_180' title='bbox 706 3021 766 3063; x_wconf 90' lang='lat' dir='ltr'>nec</span> <span class='ocrx_word' id='word_1_181' title='bbox 780 3017 937 3088; x_wconf 83' lang='lat' dir='ltr'>repugnat</span> <span class='ocrx_word' id='word_1_182' title='bbox 950 3002 1115 3090; x_wconf 64' lang='lat' dir='ltr'><strong>analogice.</strong></span> 
     </span>
    </p>
   </div>
   <div class='ocr_carea' id='block_1_3' title="bbox 271 3107 1344 3215">
    <p class='ocr_par' dir='ltr' id='par_1_5' title="bbox 271 3107 1344 3215">
     <span class='ocr_line' id='line_1_23' title="bbox 271 3107 1344 3215; baseline 0.007 -26"><span class='ocrx_word' id='word_1_183' title='bbox 271 3124 349 3213; x_wconf 83' lang='lat' dir='ltr'><strong>Peg.</strong></span> <span class='ocrx_word' id='word_1_184' title='bbox 370 3107 445 3206; x_wconf 62' lang='lat' dir='ltr'><strong>iilo,</strong></span> <span class='ocrx_word' id='word_1_185' title='bbox 463 3146 496 3187; x_wconf 90' lang='lat' dir='ltr'>n.</span> <span class='ocrx_word' id='word_1_186' title='bbox 514 3126 546 3202; x_wconf 73' lang='grc'>4.</span> <span class='ocrx_word' id='word_1_187' title='bbox 570 3124 628 3187; x_wconf 85' lang='grc' dir='ltr'>Εεῑ</span> <span class='ocrx_word' id='word_1_188' title='bbox 643 3123 780 3188; x_wconf 83' lang='lat' dir='ltr'><strong>l&#39;ormula</strong></span> <span class='ocrx_word' id='word_1_189' title='bbox 805 3111 841 3185; x_wconf 88' lang='grc' dir='ltr'>δί</span> <span class='ocrx_word' id='word_1_190' title='bbox 859 3145 894 3213; x_wconf 88' lang='grc' dir='ltr'>γε</span> <span class='ocrx_word' id='word_1_191' title='bbox 912 3125 945 3188; x_wconf 87' lang='lat' dir='ltr'>in</span> <span class='ocrx_word' id='word_1_192' title='bbox 961 3125 1125 3214; x_wconf 78' lang='lat' dir='ltr'><strong>Sibyllinis</strong></span> <span class='ocrx_word' id='word_1_193' title='bbox 1143 3129 1288 3195; x_wconf 76' lang='lat' dir='ltr'><strong>Oraculie</strong></span> <span class='ocrx_word' id='word_1_194' title='bbox 1314 3154 1344 3215; x_wconf 83' lang='lat'>1,</span> 
     </span>
    </p>
   </div>
   <div class='ocr_carea' id='block_1_4' title="bbox 229 3235 1348 3341">
    <p class='ocr_par' dir='ltr' id='par_1_6' title="bbox 229 3235 1348 3341">
     <span class='ocr_line' id='line_1_24' title="bbox 229 3235 1348 3341; baseline 0.004 -27"><span class='ocrx_word' id='word_1_195' title='bbox 229 3248 307 3332; x_wconf 81' lang='lat'>228,</span> <span class='ocrx_word' id='word_1_196' title='bbox 325 3247 366 3313; x_wconf 89' lang='lat' dir='ltr'>de</span> <span class='ocrx_word' id='word_1_197' title='bbox 382 3247 455 3311; x_wconf 87' lang='lat' dir='ltr'>Noe</span> <span class='ocrx_word' id='word_1_198' title='bbox 469 3269 540 3311; x_wconf 83' lang='lat' dir='ltr'>arce</span> <span class='ocrx_word' id='word_1_199' title='bbox 556 3268 564 3310; x_wconf 80' lang='grc' dir='ltr'>ι</span> <span class='ocrx_word' id='word_1_200' title='bbox 581 3242 686 3334; x_wconf 77' lang='grc' dir='ltr'>ἔτεμεν</span> <span class='ocrx_word' id='word_1_201' title='bbox 711 3235 748 3310; x_wconf 80' lang='grc' dir='ltr'>δέ</span> <span class='ocrx_word' id='word_1_202' title='bbox 765 3270 800 3337; x_wconf 82' lang='grc' dir='ltr'>γε</span> <span class='ocrx_word' id='word_1_203' title='bbox 823 3245 928 3337; x_wconf 80' lang='grc' dir='ltr'>μυρίον</span> <span class='ocrx_word' id='word_1_204' title='bbox 955 3245 1050 3338; x_wconf 84' lang='grc' dir='ltr'>οίρρὸν</span> <span class='ocrx_word' id='word_1_205' title='bbox 1079 3247 1205 3341; x_wconf 89' lang='grc' dir='ltr'>Στείρα,</span> <span class='ocrx_word' id='word_1_206' title='bbox 1228 3253 1348 3338; x_wconf 73' lang='grc' dir='ltr'>τεινομέ-</span> 
     </span>
    </p>
   </div>
   <div class='ocr_carea' id='block_1_5' title="bbox 227 3356 1346 3707">
    <p class='ocr_par' dir='ltr' id='par_1_7' title="bbox 227 3356 1346 3707">
     <span class='ocr_line' id='line_1_25' title="bbox 227 3356 1346 3460; baseline 0.009 -29"><span class='ocrx_word' id='word_1_207' title='bbox 227 3392 285 3432; x_wconf 85' lang='grc' dir='ltr'>νων</span> <span class='ocrx_word' id='word_1_208' title='bbox 301 3356 426 3432; x_wconf 77' lang='grc' dir='ltr'>ὑδάτων</span> <span class='ocrx_word' id='word_1_209' title='bbox 441 3358 715 3457; x_wconf 73' lang='grc' dir='ltr'>ιιελαροζομενοίων.</span> <span class='ocrx_word' id='word_1_210' title='bbox 733 3370 919 3460; x_wconf 75' lang='lat' dir='ltr'>Lugendum</span> <span class='ocrx_word' id='word_1_211' title='bbox 936 3367 1061 3460; x_wconf 81' lang='grc' dir='ltr'>στείρᾳ·</span> <span class='ocrx_word' id='word_1_212' title='bbox 1079 3397 1145 3438; x_wconf 87' lang='lat' dir='ltr'>non</span> <span class='ocrx_word' id='word_1_213' title='bbox 1160 3376 1346 3442; x_wconf 74' lang='lat' dir='ltr'><strong>habendum</strong></span> 
     </span>
     <span class='ocr_line' id='line_1_26' title="bbox 228 3491 1345 3590; baseline 0.004 -29"><span class='ocrx_word' id='word_1_214' title='bbox 228 3497 315 3567; x_wconf 84' lang='lat' dir='ltr'>enim</span> <span class='ocrx_word' id='word_1_215' title='bbox 334 3491 441 3583; x_wconf 87' lang='grc' dir='ltr'>στείρα</span> <span class='ocrx_word' id='word_1_216' title='bbox 455 3516 518 3583; x_wconf 88' lang='lat' dir='ltr'>pro</span> <span class='ocrx_word' id='word_1_217' title='bbox 534 3518 609 3560; x_wconf 82' lang='lat' dir='ltr'><strong>cusu</strong></span> <span class='ocrx_word' id='word_1_218' title='bbox 631 3512 740 3577; x_wconf 88' lang='lat' dir='ltr'><strong>recto,</strong></span> <span class='ocrx_word' id='word_1_219' title='bbox 761 3498 817 3584; x_wconf 90' lang='lat' dir='ltr'><strong>qui</strong></span> <span class='ocrx_word' id='word_1_220' title='bbox 840 3499 881 3563; x_wconf 76' lang='lat' dir='ltr'>eit</span> <span class='ocrx_word' id='word_1_221' title='bbox 900 3501 1021 3587; x_wconf 82' lang='grc' dir='ltr'>σπεῖρα,</span> <span class='ocrx_word' id='word_1_222' title='bbox 1041 3499 1226 3588; x_wconf 80' lang='lat' dir='ltr'><strong>pendetque</strong></span> <span class='ocrx_word' id='word_1_223' title='bbox 1241 3499 1345 3590; x_wconf 71' lang='grc' dir='ltr'>ίτεραν</span> 
     </span>
     <span class='ocr_line' id='line_1_27' title="bbox 229 3610 897 3707; baseline -0.001 -25"><span class='ocrx_word' id='word_1_224' title='bbox 229 3642 247 3682; x_wconf 90' lang='lat' dir='ltr'><strong>u</strong></span> <span class='ocrx_word' id='word_1_225' title='bbox 263 3617 465 3707; x_wconf 75' lang='lat' dir='ltr'>pr&#39;aecedente</span> <span class='ocrx_word' id='word_1_226' title='bbox 480 3620 613 3682; x_wconf 83' lang='lat' dir='ltr'><strong>nomine</strong></span> <span class='ocrx_word' id='word_1_227' title='bbox 628 3610 707 3693; x_wconf 81' lang='grc' dir='ltr'>οίαος</span> <span class='ocrx_word' id='word_1_228' title='bbox 728 3614 897 3693; x_wconf 72' lang='grc' dir='ltr'>θεσπέσιος.</span> 
     </span>
    </p>
   </div>
   <div class='ocr_carea' id='block_1_6' title="bbox 228 3740 1348 4325">
    <p class='ocr_par' dir='ltr' id='par_1_8' title="bbox 228 3740 1348 3952">
     <span class='ocr_line' id='line_1_28' title="bbox 273 3740 1348 3836; baseline 0.007 -31"><span class='ocrx_word' id='word_1_229' title='bbox 273 3742 352 3805; x_wconf 79' lang='lat' dir='ltr'><strong>Feb.</strong></span> <span class='ocrx_word' id='word_1_230' title='bbox 378 3740 430 3828; x_wconf 77' lang='lat'>75,</span> <span class='ocrx_word' id='word_1_231' title='bbox 453 3741 582 3805; x_wconf 78' lang='lat' dir='ltr'><strong>affabul.</strong></span> <span class='ocrx_word' id='word_1_232' title='bbox 611 3766 641 3830; x_wconf 87' lang='lat' dir='ltr'>p.</span> <span class='ocrx_word' id='word_1_233' title='bbox 675 3746 748 3820; x_wconf 65' lang='lat'>¹42·</span> <span class='ocrx_word' id='word_1_234' title='bbox 768 3745 808 3822; x_wconf 80' lang='lat' dir='ltr'>A,</span> <span class='ocrx_word' id='word_1_235' title='bbox 835 3740 978 3830; x_wconf 76' lang='grc' dir='ltr'>ἐχόντων.</span> <span class='ocrx_word' id='word_1_236' title='bbox 1001 3748 1148 3836; x_wconf 79' lang='lat' dir='ltr'><strong>Syntaxis</strong></span> <span class='ocrx_word' id='word_1_237' title='bbox 1162 3745 1348 3836; x_wconf 78' lang='lat' dir='ltr'><strong>postulabat</strong></span> 
     </span>
     <span class='ocr_line' id='line_1_29' title="bbox 228 3860 617 3952; baseline 0.005 -27"><span class='ocrx_word' id='word_1_238' title='bbox 228 3860 375 3949; x_wconf 78' lang='grc' dir='ltr'>ἔχοντας,</span> <span class='ocrx_word' id='word_1_239' title='bbox 391 3861 479 3950; x_wconf 88' lang='lat' dir='ltr'><strong>quod</strong></span> <span class='ocrx_word' id='word_1_240' title='bbox 497 3863 617 3952; x_wconf 74' lang='lat' dir='ltr'><strong>scripsi.</strong></span> 
     </span>
    </p>

    <p class='ocr_par' dir='ltr' id='par_1_9' title="bbox 230 3972 1347 4325">
     <span class='ocr_line' id='line_1_30' title="bbox 275 3972 1347 4084; baseline 0.01 -34"><span class='ocrx_word' id='word_1_241' title='bbox 275 3987 351 4077; x_wconf 79' lang='lat' dir='ltr'><strong>Peg.</strong></span> <span class='ocrx_word' id='word_1_242' title='bbox 373 3987 445 4068; x_wconf 67' lang='lat'>146,</span> <span class='ocrx_word' id='word_1_243' title='bbox 461 4009 493 4050; x_wconf 91' lang='lat' dir='ltr'>n.</span> <span class='ocrx_word' id='word_1_244' title='bbox 521 4011 553 4053; x_wconf 86' lang='lat'>2.</span> <span class='ocrx_word' id='word_1_245' title='bbox 571 3972 721 4075; x_wconf 81' lang='grc' dir='ltr'>ίχανῶσα)</span> <span class='ocrx_word' id='word_1_246' title='bbox 750 3989 832 4056; x_wconf 92' lang='lat' dir='ltr'>Vide</span> <span class='ocrx_word' id='word_1_247' title='bbox 853 3991 1005 4058; x_wconf 80' lang='lat' dir='ltr'>Peereoni</span> <span class='ocrx_word' id='word_1_248' title='bbox 1031 3993 1221 4060; x_wconf 78' lang='lat' dir='ltr'><strong>Adversaria</strong></span> <span class='ocrx_word' id='word_1_249' title='bbox 1242 3996 1347 4084; x_wconf 79' lang='lat' dir='ltr'><strong>Hesy-</strong></span> 
     </span>
     <span class='ocr_line' id='line_1_31' title="bbox 230 4109 1347 4202; baseline 0.006 -26"><span class='ocrx_word' id='word_1_250' title='bbox 230 4113 345 4176; x_wconf 80' lang='lat' dir='ltr'><strong>chienu</strong></span> <span class='ocrx_word' id='word_1_251' title='bbox 358 4135 390 4200; x_wconf 86' lang='lat' dir='ltr'>p.</span> <span class='ocrx_word' id='word_1_252' title='bbox 408 4109 487 4198; x_wconf 80' lang='lat'>3953</span> <span class='ocrx_word' id='word_1_253' title='bbox 504 4135 575 4201; x_wconf 86' lang='lat' dir='ltr'>quae</span> <span class='ocrx_word' id='word_1_254' title='bbox 590 4136 692 4202; x_wconf 86' lang='lat' dir='ltr'><strong>nuper</strong></span> <span class='ocrx_word' id='word_1_255' title='bbox 706 4138 832 4181; x_wconf 87' lang='lat' dir='ltr'><strong>summo</strong></span> <span class='ocrx_word' id='word_1_256' title='bbox 848 4117 1032 4183; x_wconf 79' lang='lat' dir='ltr'><strong>criticorum</strong></span> <span class='ocrx_word' id='word_1_257' title='bbox 1056 4118 1238 4186; x_wconf 88' lang='lat' dir='ltr'><strong>studiorum</strong></span> <span class='ocrx_word' id='word_1_258' title='bbox 1259 4123 1347 4186; x_wconf 88' lang='lat' dir='ltr'><strong>bono</strong></span> 
     </span>
     <span class='ocr_line' id='line_1_32' title="bbox 231 4237 1234 4325; baseline 0.012 -27"><span class='ocrx_word' id='word_1_259' title='bbox 231 4238 263 4299; x_wconf 89' lang='lat' dir='ltr'>in</span> <span class='ocrx_word' id='word_1_260' title='bbox 281 4237 383 4302; x_wconf 81' lang='lat' dir='ltr'><strong>lucem</strong></span> <span class='ocrx_word' id='word_1_261' title='bbox 398 4237 534 4325; x_wconf 78' lang='lat' dir='ltr'><strong>protulit</strong></span> <span class='ocrx_word' id='word_1_262' title='bbox 546 4239 595 4302; x_wconf 83' lang='lat' dir='ltr'><strong>vir</strong></span> <span class='ocrx_word' id='word_1_263' title='bbox 606 4261 704 4304; x_wconf 85' lang='lat' dir='ltr'>rever.</span> <span class='ocrx_word' id='word_1_264' title='bbox 722 4257 755 4304; x_wconf 90' lang='lat' dir='ltr'>et</span> <span class='ocrx_word' id='word_1_265' title='bbox 769 4240 927 4308; x_wconf 77' lang='lat' dir='ltr'><strong>eruditiss.</strong></span> <span class='ocrx_word' id='word_1_266' title='bbox 944 4243 1004 4307; x_wconf 86' lang='lat' dir='ltr'>Th.</span> <span class='ocrx_word' id='word_1_267' title='bbox 1020 4243 1234 4310; x_wconf 78' lang='lat' dir='ltr'><strong>Geisfordius.</strong></span> 
     </span>
    </p>
   </div>
   <div class='ocr_carea' id='block_1_7' title="bbox 0 0 1676 5272">
    <p class='ocr_par' dir='ltr' id='par_1_10' title="bbox 0 0 1676 5272">
     <span class='ocr_line' id='line_1_33' title="bbox 0 0 1676 5272; baseline 0 0"><span class='ocrx_word' id='word_1_268' title='bbox 0 0 1676 5272; x_wconf 95' lang='lat' dir='ltr'> </span> 
     </span>
    </p>
   </div>
  </div>
 </body>
</html>
