3300 5272
324 468 368 539 56
623 492 665 540 ue
687 492 883 543 oneramur
908 494 1030 545 rruuau

368 618 495 691 Ciuitas
513 628 618 717 atqua
638 620 783 718 insignia
796 620 932 695 colonia
944 634 1019 695 erat
1031 629 1132 720 eujus
1144 622 1328 696 ruiuueiu·

316 741 549 815 viaitGueriu.

367 868 494 939 Anton.
515 877 550 938 et
566 869 723 965 Peuting.

368 988 486 1082 Shaw,
501 1001 527 1062 t.
545 991 589 1081 1.,
605 1015 643 1089 p.
661 993 746 1065 269.
765 994 916 1085 Marcus,
932 1020 967 1093 p.
984 998 1070 1069 407.
1089 993 1330 1088 Tolopiuleaaio

318 1114 409 1185 inter
420 1115 607 1211 Byzacena
619 1117 806 1211 prouinciae
822 1130 939 1213 potres
952 1118 1137 1215 episeopus
1153 1118 1189 1190 in
1202 1117 1329 1189 Notitiae

317 1233 476 1309 habetur.
499 1238 682 1328 Ruinart„
712 1264 749 1336 p.
775 1240 867 1330 338,
885 1242 950 1313 Est
971 1261 1107 1337 quoque
1134 1240 1329 1333 Telepieaoio

318 1360 461 1432 antistes
473 1384 509 1456 p.
532 1360 617 1433 331.
632 1402 682 1418 --
696 1367 861 1442 Ταλέπτην
873 1386 955 1436 uero
972 1376 1008 1437 et
1029 1364 1202 1457 Toiapiam
1215 1360 1329 1437 oouoi·

316 1481 364 1555 lia
380 1497 666 1559 commemorant.

361 1607 529 1707 Fulgentii
549 1610 676 1706 petria.

712 1796 729 1841 r
754 1793 931 1843 uuuauecr.

369 1892 553 1963 Tubercula.

424 2067 528 2141 Quales
541 2068 705 2127 umbriferos
717 2068 766 2127 ubi
779 2068 875 2143 pandit
884 2070 1005 2128 Tabraca
1017 2070 1113 2128 saltus.

879 2158 1045 2223 iuveu.,sai.
1059 2166 1100 2221 10,
1113 2174 1141 2213 v.
1154 2164 1212 2213 194.

369 2321 511 2396 Colonia
523 2322 662 2421 quidem
673 2335 747 2398 orat
755 2323 846 2422 apud
859 2326 1021 2422 antiquos
1030 2326 1223 2399 notissima.
1237 2327 1329 2401 Gen·

324 2445 423 2517 seriei
443 2458 543 2519 aetate
562 2444 632 2521 duo
648 2448 857 2522 monasteria
881 2452 1073 2522 Tobrocono
1089 2448 1195 2523 fuisse
1211 2448 1333 2521 Victor

323 2568 474 2643 vitensis
497 2569 613 2645 tradit.
637 2577 682 2646 fl.
705 2577 786 2646 Per.
811 2575 915 2647 Voad.
939 2573 1002 2646 lib.
1027 2575 1052 2645 1.
1074 2597 1153 2671 oap.
1177 2596 1215 2646 x.
1245 2576 1330 2661 Quae

322 2690 406 2763 olim
441 2704 475 2765 et
507 2693 609 2768 hodie
637 2694 800 2769 euberum
829 2696 934 2795 sylvia
962 2694 1105 2796 inclyia.
1135 2695 1329 2785 Thabraca,

324 2823 448 2934 ripun
463 2820 638 2914 hebraice,
650 2821 828 2895 frondibus
841 2823 1007 2917 cooperiri
1017 2820 1200 2917 signifieat.
1211 2824 1252 2892 V.
1267 2822 1333 2893 Bo-

324 2956 435 3046 chai,
456 2954 632 3045 ue.1.,0.
654 2954 713 3027 aa.

721 3149 740 3198 Δ
764 3148 933 3198 auiuentis.

372 3310 462 3379 iuter
484 3308 682 3403 Byzaeeuos
703 3304 952 3375 Tombeitoaum
979 3303 1180 3398 episcopum
1203 3300 1334 3375 habeut

321 3429 473 3528 plurima
498 3428 657 3503 coucilia.
681 3425 783 3526 Apud
815 3429 1060 3500 Tomboieaoem
1084 3427 1258 3499 ciuitatem
1276 3425 1331 3499 iu·

320 3551 415 3652 clyia
441 3564 633 3651 martyrum
664 3551 854 3625 certamina
878 3553 1114 3644 persecutionis
1146 3549 1334 3623 Vandalica

321 3690 459 3751 enarrat
478 3676 634 3767 historia,
654 3674 748 3773 apud
769 3675 892 3769 Boin„
906 3701 941 3773 p.
966 3678 1031 3767 753
1052 3674 1113 3749 eod
1138 3672 1223 3749 nihil
1239 3672 1334 3747 aliud

323 3800 536 3898 accepimus.

430 3938 433 3943 ’
713 3924 735 4002 u'
752 3954 945 4005 miserare.

375 4111 558 4201 Tobaliom,
574 4110 702 4184 Autan.
727 4109 962 4201 Toosoiieauem
979 4108 1194 4205 episcopum,
1214 4104 1332 4179 eoliat.
1446 4180 1454 4195 ‚
