3300 5272
266 405 268 408 ·
325 396 391 469 192
704 410 910 460 -ιινιινιιυον

318 543 371 609 καὶ
395 543 475 616 ὅπως
491 543 507 604 ό
526 538 621 630 λόγος
644 527 787 610 δηλώσει.
811 523 901 630 Ορῶν
919 535 978 634 γὰρ
999 545 1015 605 ό
1038 543 1173 636 πονηρὸς
1187 543 1227 623 είς
1250 548 1337 625 τελος

319 668 401 733 οὕτω
424 662 599 754 Κυπριανὸν
620 663 675 735 την
693 661 761 754 περὶ
788 658 828 726 ’τά
848 653 960 729 είθωλα
979 664 1096 738 πλάνην
1121 659 1229 734 σόίσαι
1250 675 1337 762 φιλο·

319 799 484 872 νεικοῢντα,
503 778 588 852 δεινὰ
603 783 707 865 ἐποίει,
732 785 782 852 καὶ
803 787 933 878 φορητὸν
950 782 986 859 ἧν
1005 779 1072 855 οὐθ’
1092 793 1169 867 όλως
1189 796 1275 878 αὐτῷ
1300 794 1337 860 τὸ

320 914 486 1007 γινόμενον·
507 910 611 1002 ἀμελει
628 908 680 975 καί
704 934 788 987 τινας
807 920 868 976 τῶν
884 912 939 984 τὴν
956 902 1130 980 εύσέόειαν1
1149 916 1336 1009 θερμοτέρων

319 1032 449 1125 ῶποθθς,
471 1036 565 1105 πείθει
586 1045 798 1129 κατηγορῆσαι
813 1040 926 1125 αὐτοῦ,
944 1041 1020 1132 πρὸς
1038 1043 1091 1109 τὸν
1107 1052 1161 1120 τῆς
1179 1028 1337 1123 Ᾰνατολῆς

319 1161 443 1257 κόμητα
461 1150 643 1254 (Εύτόλμιος
661 1157 697 1233 ἦν
716 1161 818 1248 ἐκείνῳ
838 1165 874 1230 τὸ
891 1163 1015 1256 ὄνομα),
1034 1170 1085 1244 ὡς·
1102 1154 1265 1234 Ᾰναπείθει
1284 1179 1338 1261 μὲν

321 1289 461 1365 ἅπαντας
483 1276 566 1379 θεινῇ
590 1287 746 1378 χρώμενος
765 1285 817 1351 καὶ
844 1288 970 1377 ἀφύκτῳ
995 1300 1036 1384 τῇ
1056 1292 1197 1383 γοητείᾳ·
1221 1297 1338 1361 πολλοῦ
1397 1378 1403 1393 ¹

322 1408 357 1482 δὲ
372 1416 456 1480 κατὰ
470 1421 531 1478 τῶν
546 1413 699 1505 ἡμετέρων
714 1411 787 1477 θεῶν
803 1411 972 1502 ἐμπίπλησι
990 1423 1046 1481 τοῶ
1063 1420 1269 1507 φρονήματος,
1286 1417 1338 1484 καὶ

320 1538 358 1605 τὸ
374 1528 554 1627 δεινότερον,
580 1539 626 1602 ότι
650 1537 691 1627 μη
716 1536 789 1628 πρὸς
817 1535 925 1628 μόνους
944 1547 1038 1605 τοῦτο
1057 1547 1148 1622 ποιεῖ,
1170 1535 1214 1618 οἷς
1238 1536 1274 1607 ἀν
1298 1539 1338 1620 εἰς

319 1658 386 1752 ὄψιν
406 1662 487 1729 ἔλθοι
510 1661 561 1728 καὶ
578 1659 662 1726 κατὰ
678 1660 714 1726 τὸ
728 1649 882 1756 λεληθὸς2
901 1664 1103 1755 συγγένηται,
1125 1661 1206 1731 ἀλλά
1224 1660 1276 1731 καί
1295 1660 1338 1743 οἷς

320 1780 356 1850 ἀν
378 1776 475 1863 ἀδεῶς
495 1771 633 1876 ε’ντύχιρ3
652 1790 717 1860 τοῖς
737 1783 916 1876 γράμμασι,
935 1785 986 1852 καὶ
1011 1788 1059 1852 ότι
1083 1783 1125 1853 τά
1147 1791 1338 1879 Χριστιανῶν
1408 1851 1412 1861 ,

319 1907 374 1999 μὶν
392 1902 548 2000 πρεσόεύει
562 1898 715 1999 μηδεμίαν
729 1897 826 1997 ρειόὼ
843 1907 1033 2000 ποιούμενος,
1055 1918 1110 1987 τῆς
1128 1911 1278 2002 ἡμετέρας
1303 1901 1338 1976 δὲ

320 2027 501 2111 καταπαίζει
524 2031 693 2125 θρησκείας,
723 2031 775 2099 καὶ
802 2020 880 2109 εἰς’ι
910 2032 982 2110 τοὺς
1014 2034 1160 2127 πατρίους
1192 2028 1339 2128 ἐξυόρίζει

321 2157 413 2234 θεούς.
437 2159 566 2234 Τούτοις
590 2157 767 2249 θερμότατα
793 2147 966 2235 θιακαυθεὶς
993 2155 1033 2233 εἰς
1058 2156 1152 2249 θυμόν
1177 2163 1194 2225 ό
1217 2159 1337 2251 κόμης,

320 2280 374 2347 καὶ
391 2279 539 2373 μέλιττα,
556 2284 606 2349 ότι
622 2280 777 2373 μεμοίθηκε
799 2281 851 2348 καὶ
866 2284 921 2356 τῶν
939 2280 1087 2374 παρθένον
1105 2267 1282 2352 θουστίνοιν5
1297 2279 1339 2350 τὰ

319 2393 401 2472 ἶσαο
419 2411 585 2499 Κυπριανῷ
613 2413 742 2499 ρρονεῒν,
766 2397 889 2498 θεσμοῖς
913 2392 1050 2483 αὐτοὺςἹ
1082 2405 1134 2473 καὶ
1160 2412 1276 2503 φρουρᾷ
1299 2417 1338 2501 τῇ

280 2545 287 2555 ·
322 2524 402 2623 ἄλλῃ
421 2520 591 2621 παραδοὺς,
609 2537 654 2615 τῷ
673 2531 702 2595 ἔν
721 2535 876 2622 μαμασκῶ
896 2532 1016 2622 βήματι
1031 2534 1218 2621 ταμιεύεται.

375 2641 564 2745 Ᾰχθίυτων8
589 2652 639 2721 οὖν
654 2664 716 2720 τῶν
735 2655 827 2749 ἁγίων
848 2653 889 2732 είς
902 2645 995 2728 τόνδε
1013 2658 1071 2731 τὴν
1089 2655 1199 2722 πόλιν·
1221 2655 1262 2724 Σὺ
1276 2651 1302 2722 εἷ
1320 2661 1336 2722 ό

320 2785 381 2845 τῶν
399 2788 581 2868 χριστιανῶν
597 2769 804 2864 διδάσκαλος,
825 2791 871 2868 τῷ
895 2781 1062 2871 Κυπριανῷ
1081 2784 1097 2846 ό
1116 2781 1215 2872 κόμης
1232 2780 1337 2873 φησὶν,

322 2901 374 2988 ἀφ’
388 2897 506 2988 ὑψηλοῦ
523 2911 575 2967 τοῦ
599 2902 740 2992 βιόματος
767 2910 839 2980 τοὺς
862 2903 973 2995 λόγους
997 2910 1102 2984 κινῶν,
1120 2907 1136 2968 ό
1158 2902 1227 2980 τοὺς
1246 2929 1339 2995 προσ-

322 3024 483 3113 ἀνέχοντας
504 3029 568 3098 τοῖς
589 3010 706 3101 Θεοῖςο
726 3021 894 3089 ἀναπείθων
914 3023 966 3089 καὶ
984 3022 1216 3115 συνταράττων,
1236 3021 1269 3102 ός
1292 3032 1338 3111 τῷ

323 3145 438 3213 ἀσθενεῖ
462 3155 516 3223 τῆς
537 3149 661 3239 γνώμης
683 3147 758 3237 πρὸς
777 3150 879 3213 πᾶσαν
899 3149 1027 3238 εὐχερῶς
1049 3138 1143 3222 δόξαν
1163 3147 1337 3234 ἐκπίπτειςς

323 3273 357 3338 οὐ
385 3271 421 3336 σὺ
448 3273 565 3361 μᾶλλον
583 3271 716 3348 πολλοὺς
730 3257 757 3301 ¹⁸
779 3275 846 3348 τοῖς
869 3271 958 3347 Θεοῖς
968 3263 1162 3364 προσήγαγες
1190 3271 1339 3367 πρότερον

322 3385 545 3479 ἐπιδεξίοις,ὡς
563 3393 730 3484 όμάνθανον
744 3400 809 3473 τοῖς
822 3394 891 3488 περὶ
910 3381 1049 3462 αὐτῶν·”
1065 3385 1255 3489 θιηγόμασι;
1273 3407 1339 3476 πῶς

359 3692 382 3734 1.
401 3685 442 3739 Εῑς
460 3684 584 3746 ᾰσέόειαν,
597 3685 623 3736 ΕἸ
641 3712 675 3723 -
698 3687 750 3746 Τὴν
765 3687 823 3737 ἀσέ-
870 3698 896 3745 fi.
914 3683 982 3737 Add.
995 3687 1042 3751 τῷ,
1053 3688 1083 3739 Β.

324 3770 403 3832 6ειαν,
416 3768 447 3820 F.
616 3788 619 3796 ·
872 3775 897 3822 7.
915 3771 1015 3830 Δὺτοῖς,
1031 3774 1060 3820 B.

357 3860 382 3903 2.
401 3851 523 3911 Δεληθῶς,
537 3852 569 3903 Α.
582 3854 611 3905 Β.
872 3860 897 3904 8.
915 3853 1065 3921 Τοιγαροῦν,
1080 3857 1108 3908 Β.
1123 3857 1151 3907 C.

358 3943 381 3989 ³.
399 3936 522 4003 Ἔντύχοι,
535 3937 565 3989 Β.
577 3937 606 3988 C.
871 3943 895 3989 9.
912 3938 978 3995 Τοὺς
987 3941 1074 3996 θεοὺς,
1084 3941 1112 3992 B.

358 4029 382 4074 ⁴.
402 4022 484 4081 Deest.
498 4023 526 4073 E.
712 4039 716 4048 ·
874 4029 913 4073 ιθ.
932 4024 1017 4086 Deest,
1029 4025 1059 4074 A.

358 4115 381 4157 5.
399 4105 521 4166 Ἰούστου,
534 4105 563 4156 Β.
576 4104 605 4156 Ε.
873 4113 912 4156 11.
932 4107 1030 4168 Αὐτῶν,
1043 4108 1070 4159 θλ
1081 4106 1108 4159 C.
1118 4107 1146 4158 Ρ.
