<?xml version="1.0" encoding="UTF-8"?>
<!DOCTYPE html PUBLIC "-//W3C//DTD XHTML 1.0 Transitional//EN"
    "http://www.w3.org/TR/xhtml1/DTD/xhtml1-transitional.dtd">
<html xmlns="http://www.w3.org/1999/xhtml" xml:lang="en" lang="en">
 <head>
  <title>
</title>
<meta http-equiv="Content-Type" content="text/html;charset=utf-8" />
  <meta name='ocr-system' content='tesseract 3.04.00' />
  <meta name='ocr-capabilities' content='ocr_page ocr_carea ocr_par ocr_line ocrx_word'/>
</head>
<body>
  <div class='ocr_page' id='page_1' title='image "./desanctocyprian00blamgoog_0366.png"; bbox 0 0 3300 5272; ppageno 0'>
   <div class='ocr_carea' id='block_1_1' title="bbox 348 476 1055 550">
    <p class='ocr_par' dir='ltr' id='par_1_1' title="bbox 348 476 1055 550">
     <span class='ocr_line' id='line_1_1' title="bbox 348 476 1055 550; baseline 0.001 -2"><span class='ocrx_word' id='word_1_1' title='bbox 348 476 392 549; x_wconf 78' lang='lat'><strong>52</strong></span> <span class='ocrx_word' id='word_1_2' title='bbox 646 500 688 548; x_wconf 86' lang='lat' dir='ltr'><strong>on</strong></span> <span class='ocrx_word' id='word_1_3' title='bbox 710 498 908 549; x_wconf 82' lang='lat' dir='ltr'><strong>cnmsrrmn</strong></span> <span class='ocrx_word' id='word_1_4' title='bbox 933 499 1055 550; x_wconf 80' lang='lat' dir='ltr'><strong>ernian</strong></span> 
     </span>
    </p>
   </div>
   <div class='ocr_carea' id='block_1_2' title="bbox 326 624 1355 2213">
    <p class='ocr_par' dir='ltr' id='par_1_2' title="bbox 341 624 1355 949">
     <span class='ocr_line' id='line_1_2' title="bbox 343 624 1354 725; baseline 0.003 -27"><span class='ocrx_word' id='word_1_5' title='bbox 343 624 405 699; x_wconf 85' lang='lat' dir='ltr'><strong>sed</strong></span> <span class='ocrx_word' id='word_1_6' title='bbox 442 625 587 718; x_wconf 80' lang='lat' dir='ltr'>theatri,</span> <span class='ocrx_word' id='word_1_7' title='bbox 623 626 886 724; x_wconf 79' lang='lat' dir='ltr'><strong>amphitheatri,</strong></span> <span class='ocrx_word' id='word_1_8' title='bbox 921 624 1126 725; x_wconf 87' lang='lat' dir='ltr'><strong>templorum</strong></span> <span class='ocrx_word' id='word_1_9' title='bbox 1160 627 1354 703; x_wconf 90' lang='lat' dir='ltr'><strong>dimtorum</strong></span> 
     </span>
     <span class='ocr_line' id='line_1_3' title="bbox 341 749 1355 850; baseline 0.003 -28"><span class='ocrx_word' id='word_1_10' title='bbox 341 751 484 850; x_wconf 81' lang='lat' dir='ltr'><strong>vestigia</strong></span> <span class='ocrx_word' id='word_1_11' title='bbox 498 750 730 848; x_wconf 87' lang='lat' dir='ltr'><strong>amplissima;</strong></span> <span class='ocrx_word' id='word_1_12' title='bbox 750 751 853 847; x_wconf 86' lang='lat' dir='ltr'><strong>hujus</strong></span> <span class='ocrx_word' id='word_1_13' title='bbox 871 773 952 823; x_wconf 85' lang='lat' dir='ltr'><strong>uero</strong></span> <span class='ocrx_word' id='word_1_14' title='bbox 970 749 1180 825; x_wconf 89' lang='lat' dir='ltr'><strong>locushodie</strong></span> <span class='ocrx_word' id='word_1_15' title='bbox 1199 750 1355 827; x_wconf 89' lang='lat' dir='ltr'><strong>desertus</strong></span> 
     </span>
     <span class='ocr_line' id='line_1_4' title="bbox 344 887 406 949; baseline -0.032 -2"><span class='ocrx_word' id='word_1_16' title='bbox 344 887 406 949; x_wconf 80' lang='lat' dir='ltr'><strong>est.</strong></span> 
     </span>
    </p>

    <p class='ocr_par' dir='ltr' id='par_1_3' title="bbox 336 1000 1354 1198">
     <span class='ocr_line' id='line_1_5' title="bbox 386 1000 1354 1095; baseline 0.004 -25"><span class='ocrx_word' id='word_1_17' title='bbox 386 1001 527 1094; x_wconf 84' lang='lat' dir='ltr'><strong>Leptim,</strong></span> <span class='ocrx_word' id='word_1_18' title='bbox 548 1002 742 1095; x_wconf 79' lang='lat' dir='ltr'><strong><em>Hipponem,</em></strong></span> <span class='ocrx_word' id='word_1_19' title='bbox 762 1002 976 1073; x_wconf 75' lang='lat' dir='ltr'><strong>Adeuntetom</strong></span> <span class='ocrx_word' id='word_1_20' title='bbox 996 1023 1018 1071; x_wconf 87' lang='lat' dir='ltr'><strong>a</strong></span> <span class='ocrx_word' id='word_1_21' title='bbox 1038 1000 1255 1074; x_wconf 83' lang='lat' dir='ltr'><strong>thnicibue</strong></span> <span class='ocrx_word' id='word_1_22' title='bbox 1273 1023 1354 1074; x_wconf 90' lang='lat' dir='ltr'><strong>con·</strong></span> 
     </span>
     <span class='ocr_line' id='line_1_6' title="bbox 336 1120 911 1198; baseline 0 -3"><span class='ocrx_word' id='word_1_23' title='bbox 336 1120 409 1196; x_wconf 84' lang='lat' dir='ltr'><strong>dita</strong></span> <span class='ocrx_word' id='word_1_24' title='bbox 421 1124 527 1196; x_wconf 87' lang='lat' dir='ltr'><strong>luisse</strong></span> <span class='ocrx_word' id='word_1_25' title='bbox 541 1123 723 1198; x_wconf 83' lang='lat' dir='ltr'><strong>Sallustius</strong></span> <span class='ocrx_word' id='word_1_26' title='bbox 744 1125 911 1197; x_wconf 83' lang='lat' dir='ltr'><strong>declarat.</strong></span> 
     </span>
    </p>

    <p class='ocr_par' dir='ltr' id='par_1_4' title="bbox 326 1250 1350 2213">
     <span class='ocr_line' id='line_1_7' title="bbox 383 1250 1350 1346; baseline 0.002 -27"><span class='ocrx_word' id='word_1_27' title='bbox 383 1252 499 1331; x_wconf 81' lang='grc' dir='ltr'><strong>Λέπτις</strong></span> <span class='ocrx_word' id='word_1_28' title='bbox 532 1251 637 1346; x_wconf 78' lang='grc' dir='ltr'><strong>μικρά,</strong></span> <span class='ocrx_word' id='word_1_29' title='bbox 662 1251 773 1341; x_wconf 84' lang='lat' dir='ltr'><strong>Leptis</strong></span> <span class='ocrx_word' id='word_1_30' title='bbox 795 1271 920 1341; x_wconf 85' lang='lat' dir='ltr'><strong>porco,</strong></span> <span class='ocrx_word' id='word_1_31' title='bbox 947 1250 1063 1345; x_wconf 69' lang='lat' dir='ltr'><strong>leptis</strong></span> <span class='ocrx_word' id='word_1_32' title='bbox 1086 1253 1207 1335; x_wconf 83' lang='lat' dir='ltr'><strong>minor,</strong></span> <span class='ocrx_word' id='word_1_33' title='bbox 1238 1251 1350 1343; x_wconf 82' lang='lat' dir='ltr'><strong>Leptis</strong></span> 
     </span>
     <span class='ocr_line' id='line_1_8' title="bbox 335 1371 1347 1470; baseline -0.001 -25"><span class='ocrx_word' id='word_1_34' title='bbox 335 1376 463 1461; x_wconf 62' lang='lat' dir='ltr'><strong>minem</strong></span> <span class='ocrx_word' id='word_1_35' title='bbox 473 1371 639 1470; x_wconf 93' lang='lat' dir='ltr'><strong>oppidum</strong></span> <span class='ocrx_word' id='word_1_36' title='bbox 651 1372 734 1445; x_wconf 90' lang='lat' dir='ltr'><strong>illud</strong></span> <span class='ocrx_word' id='word_1_37' title='bbox 742 1371 889 1445; x_wconf 90' lang='lat' dir='ltr'><strong>liberum</strong></span> <span class='ocrx_word' id='word_1_38' title='bbox 908 1371 1062 1446; x_wconf 88' lang='lat' dir='ltr'><strong>indicant</strong></span> <span class='ocrx_word' id='word_1_39' title='bbox 1072 1373 1214 1462; x_wconf 83' lang='lat' dir='ltr'><strong>Plinius,</strong></span> <span class='ocrx_word' id='word_1_40' title='bbox 1229 1372 1288 1445; x_wconf 90' lang='lat' dir='ltr'><strong>lib.</strong></span> <span class='ocrx_word' id='word_1_41' title='bbox 1302 1375 1347 1462; x_wconf 87' lang='lat' dir='ltr'><strong>V,</strong></span> 
     </span>
     <span class='ocr_line' id='line_1_9' title="bbox 334 1495 1348 1593; baseline 0 -25"><span class='ocrx_word' id='word_1_42' title='bbox 334 1520 413 1593; x_wconf 91' lang='lat' dir='ltr'><strong>cap.</strong></span> <span class='ocrx_word' id='word_1_43' title='bbox 428 1520 474 1584; x_wconf 83' lang='lat' dir='ltr'><strong>rr,</strong></span> <span class='ocrx_word' id='word_1_44' title='bbox 491 1507 526 1570; x_wconf 90' lang='lat' dir='ltr'><strong>et</strong></span> <span class='ocrx_word' id='word_1_45' title='bbox 536 1498 683 1585; x_wconf 85' lang='lat' dir='ltr'><strong>Hirtius,</strong></span> <span class='ocrx_word' id='word_1_46' title='bbox 701 1495 787 1569; x_wconf 89' lang='lat' dir='ltr'><strong>Ball.</strong></span> <span class='ocrx_word' id='word_1_47' title='bbox 805 1496 918 1568; x_wconf 81' lang='lat' dir='ltr'><strong>Afric.</strong></span> <span class='ocrx_word' id='word_1_48' title='bbox 936 1518 1013 1593; x_wconf 88' lang='lat' dir='ltr'><strong>cap.</strong></span> <span class='ocrx_word' id='word_1_49' title='bbox 1035 1521 1135 1570; x_wconf 81' lang='lat' dir='ltr'><strong>cxvii.</strong></span> <span class='ocrx_word' id='word_1_50' title='bbox 1154 1496 1348 1571; x_wconf 79' lang='lat' dir='ltr'><strong>Iustiniana</strong></span> 
     </span>
     <span class='ocr_line' id='line_1_10' title="bbox 333 1622 1348 1717; baseline 0.003 -27"><span class='ocrx_word' id='word_1_51' title='bbox 333 1642 412 1693; x_wconf 87' lang='lat' dir='ltr'><strong>varo</strong></span> <span class='ocrx_word' id='word_1_52' title='bbox 425 1622 628 1717; x_wconf 89' lang='lat' dir='ltr'><strong>imperante,</strong></span> <span class='ocrx_word' id='word_1_53' title='bbox 649 1622 724 1692; x_wconf 80' lang='lat' dir='ltr'><strong>dom</strong></span> <span class='ocrx_word' id='word_1_54' title='bbox 740 1625 923 1715; x_wconf 77' lang='lat' dir='ltr'><strong>Byzacena</strong></span> <span class='ocrx_word' id='word_1_55' title='bbox 936 1624 1118 1714; x_wconf 76' lang='lat' dir='ltr'><strong>provinciae</strong></span> <span class='ocrx_word' id='word_1_56' title='bbox 1133 1633 1165 1693; x_wconf 82' lang='lat' dir='ltr'><strong>et</strong></span> <span class='ocrx_word' id='word_1_57' title='bbox 1181 1624 1219 1693; x_wconf 81' lang='lat' dir='ltr'><strong>ia</strong></span> <span class='ocrx_word' id='word_1_58' title='bbox 1237 1623 1348 1715; x_wconf 84' lang='lat' dir='ltr'><strong>Gopeo</strong></span> 
     </span>
     <span class='ocr_line' id='line_1_11' title="bbox 330 1743 1344 1839; baseline 0 -22"><span class='ocrx_word' id='word_1_59' title='bbox 330 1756 361 1817; x_wconf 83' lang='lat' dir='ltr'><strong>et</strong></span> <span class='ocrx_word' id='word_1_60' title='bbox 373 1748 410 1817; x_wconf 82' lang='lat' dir='ltr'><strong>in</strong></span> <span class='ocrx_word' id='word_1_61' title='bbox 426 1746 535 1818; x_wconf 83' lang='lat' dir='ltr'><strong>altero</strong></span> <span class='ocrx_word' id='word_1_62' title='bbox 544 1749 643 1839; x_wconf 89' lang='lat' dir='ltr'><strong>Lepte</strong></span> <span class='ocrx_word' id='word_1_63' title='bbox 656 1744 802 1817; x_wconf 80' lang='lat' dir='ltr'><strong>sedetet.</strong></span> <span class='ocrx_word' id='word_1_64' title='bbox 818 1743 931 1816; x_wconf 84' lang='lat' dir='ltr'>Codex</span> <span class='ocrx_word' id='word_1_65' title='bbox 951 1748 983 1833; x_wconf 91' lang='lat' dir='ltr'><strong>l,</strong></span> <span class='ocrx_word' id='word_1_66' title='bbox 1000 1745 1061 1836; x_wconf 83' lang='lat'><strong>27,</strong></span> <span class='ocrx_word' id='word_1_67' title='bbox 1079 1744 1135 1817; x_wconf 85' lang='lat' dir='ltr'><strong>lex</strong></span> <span class='ocrx_word' id='word_1_68' title='bbox 1148 1745 1185 1817; x_wconf 80' lang='lat'><strong>2.</strong></span> <span class='ocrx_word' id='word_1_69' title='bbox 1200 1748 1344 1839; x_wconf 76' lang='lat' dir='ltr'><strong>-Lep-</strong></span> 
     </span>
     <span class='ocr_line' id='line_1_12' title="bbox 329 1868 1345 1966; baseline 0 -26"><span class='ocrx_word' id='word_1_70' title='bbox 329 1872 494 1941; x_wconf 82' lang='lat' dir='ltr'><strong>timincm.</strong></span> <span class='ocrx_word' id='word_1_71' title='bbox 510 1868 721 1966; x_wconf 87' lang='lat' dir='ltr'><strong>Episcopum</strong></span> <span class='ocrx_word' id='word_1_72' title='bbox 743 1880 994 1941; x_wconf 83' lang='lat' dir='ltr'><strong>commemorat</strong></span> <span class='ocrx_word' id='word_1_73' title='bbox 1017 1870 1159 1941; x_wconf 84' lang='lat' dir='ltr'><strong>Notitio.</strong></span> <span class='ocrx_word' id='word_1_74' title='bbox 1186 1871 1299 1963; x_wconf 76' lang='lat' dir='ltr'><strong>Leptis</strong></span> <span class='ocrx_word' id='word_1_75' title='bbox 1323 1892 1345 1940; x_wconf 88' lang='lat' dir='ltr'><strong>a</strong></span> 
     </span>
     <span class='ocr_line' id='line_1_13' title="bbox 326 1966 1341 2091; baseline -0.002 -26"><span class='ocrx_word' id='word_1_76' title='bbox 326 1990 494 2067; x_wconf 83' lang='lat' dir='ltr'><strong>uocabulo</strong></span> <span class='ocrx_word' id='word_1_77' title='bbox 518 1991 696 2066; x_wconf 89' lang='lat' dir='ltr'><strong>chaldaico</strong></span> <span class='ocrx_word' id='word_1_78' title='bbox 724 1990 817 2091; x_wconf 88' lang='lat' dir='ltr'><strong>quod</strong></span> <span class='ocrx_word' id='word_1_79' title='bbox 845 1993 1029 2065; x_wconf 89' lang='lat' dir='ltr'><strong>stationem</strong></span> <span class='ocrx_word' id='word_1_80' title='bbox 1058 1992 1185 2090; x_wconf 82' lang='lat' dir='ltr'><strong>signat,</strong></span> <span class='ocrx_word' id='word_1_81' title='bbox 1216 1966 1341 2066; x_wconf 83' lang='lat' dir='ltr'><strong>deduci</strong></span> 
     </span>
     <span class='ocr_line' id='line_1_14' title="bbox 326 2114 1024 2213; baseline 0 -26"><span class='ocrx_word' id='word_1_82' title='bbox 326 2115 472 2192; x_wconf 87' lang='lat' dir='ltr'><strong>ridetur.</strong></span> <span class='ocrx_word' id='word_1_83' title='bbox 492 2118 535 2189; x_wconf 86' lang='lat' dir='ltr'><strong>V.</strong></span> <span class='ocrx_word' id='word_1_84' title='bbox 557 2116 719 2206; x_wconf 87' lang='lat' dir='ltr'><strong>Bochart,</strong></span> <span class='ocrx_word' id='word_1_85' title='bbox 735 2114 798 2189; x_wconf 92' lang='lat' dir='ltr'><strong>lib.</strong></span> <span class='ocrx_word' id='word_1_86' title='bbox 816 2118 844 2203; x_wconf 88' lang='lat' dir='ltr'><strong>l,</strong></span> <span class='ocrx_word' id='word_1_87' title='bbox 865 2139 942 2213; x_wconf 92' lang='lat' dir='ltr'><strong>cap.</strong></span> <span class='ocrx_word' id='word_1_88' title='bbox 963 2117 1024 2189; x_wconf 78' lang='lat'><strong>24.</strong></span> 
     </span>
    </p>
   </div>
   <div class='ocr_carea' id='block_1_3' title="bbox 735 2316 930 2366">
    <p class='ocr_par' dir='ltr' id='par_1_5' title="bbox 735 2316 930 2366">
     <span class='ocr_line' id='line_1_15' title="bbox 735 2316 930 2366; baseline -0.015 0"><span class='ocrx_word' id='word_1_89' title='bbox 735 2318 754 2366; x_wconf 78' lang='lat' dir='ltr'><strong>t</strong></span> <span class='ocrx_word' id='word_1_90' title='bbox 777 2316 930 2365; x_wconf 69' lang='lat' dir='ltr'><strong>minutal.</strong></span> 
     </span>
    </p>
   </div>
   <div class='ocr_carea' id='block_1_4' title="bbox 374 2429 1337 2649">
    <p class='ocr_par' dir='ltr' id='par_1_6' title="bbox 374 2429 1337 2649">
     <span class='ocr_line' id='line_1_16' title="bbox 374 2429 672 2501; baseline -0.003 -2"><span class='ocrx_word' id='word_1_91' title='bbox 374 2429 672 2501; x_wconf 80' lang='lat' dir='ltr'><strong>Henetirllocter.</strong></span> 
     </span>
     <span class='ocr_line' id='line_1_17' title="bbox 378 2549 1337 2649; baseline 0.003 -27"><span class='ocrx_word' id='word_1_92' title='bbox 378 2550 425 2624; x_wconf 91' lang='lat' dir='ltr'><strong>lbi</strong></span> <span class='ocrx_word' id='word_1_93' title='bbox 444 2549 633 2649; x_wconf 89' lang='lat' dir='ltr'><strong>permultas</strong></span> <span class='ocrx_word' id='word_1_94' title='bbox 657 2552 774 2624; x_wconf 92' lang='lat' dir='ltr'><strong>ruinas</strong></span> <span class='ocrx_word' id='word_1_95' title='bbox 797 2550 912 2623; x_wconf 86' lang='lat' dir='ltr'><strong>invisit</strong></span> <span class='ocrx_word' id='word_1_96' title='bbox 931 2551 1072 2623; x_wconf 81' lang='lat' dir='ltr'><strong>(luerim</strong></span> <span class='ocrx_word' id='word_1_97' title='bbox 1096 2550 1337 2625; x_wconf 80' lang='lat' dir='ltr'><strong>lloctoritoaae</strong></span> 
     </span>
    </p>
   </div>
   <div class='ocr_carea' id='block_1_5' title="bbox 326 2673 1337 2897">
    <p class='ocr_par' dir='ltr' id='par_1_7' title="bbox 326 2673 1337 2897">
     <span class='ocr_line' id='line_1_18' title="bbox 328 2673 1337 2773; baseline 0.003 -27"><span class='ocrx_word' id='word_1_98' title='bbox 328 2673 606 2773; x_wconf 81' lang='lat' dir='ltr'><strong>Byzacenaeinter</strong></span> <span class='ocrx_word' id='word_1_99' title='bbox 614 2675 771 2772; x_wconf 88' lang='lat' dir='ltr'><strong>patrosin</strong></span> <span class='ocrx_word' id='word_1_100' title='bbox 782 2677 911 2748; x_wconf 81' lang='lat' dir='ltr'><strong>Notitio</strong></span> <span class='ocrx_word' id='word_1_101' title='bbox 919 2685 1128 2748; x_wconf 84' lang='lat' dir='ltr'><strong>recensetur.</strong></span> <span class='ocrx_word' id='word_1_102' title='bbox 1139 2677 1337 2749; x_wconf 80' lang='lat' dir='ltr'><strong>Mottorenee</strong></span> 
     </span>
     <span class='ocr_line' id='line_1_19' title="bbox 326 2798 901 2897; baseline -0.007 -25"><span class='ocrx_word' id='word_1_103' title='bbox 326 2799 488 2897; x_wconf 92' lang='lat' dir='ltr'><strong>oppidum</strong></span> <span class='ocrx_word' id='word_1_104' title='bbox 502 2799 649 2874; x_wconf 89' lang='lat' dir='ltr'><strong>liberum</strong></span> <span class='ocrx_word' id='word_1_105' title='bbox 663 2799 746 2873; x_wconf 92' lang='lat' dir='ltr'><strong>dicit</strong></span> <span class='ocrx_word' id='word_1_106' title='bbox 758 2798 901 2871; x_wconf 89' lang='lat' dir='ltr'><strong>Plinius.</strong></span> 
     </span>
    </p>
   </div>
   <div class='ocr_carea' id='block_1_6' title="bbox 370 2954 1327 3205">
    <p class='ocr_par' dir='ltr' id='par_1_8' title="bbox 370 2954 1327 3205">
     <span class='ocr_line' id='line_1_20' title="bbox 711 2954 948 3005; baseline -0.008 -2"><span class='ocrx_word' id='word_1_107' title='bbox 711 2954 729 3003; x_wconf 79' lang='lat' dir='ltr'><strong>r</strong></span> <span class='ocrx_word' id='word_1_108' title='bbox 753 2954 948 3005; x_wconf 68' lang='lat' dir='ltr'><strong>alamanus</strong></span> 
     </span>
     <span class='ocr_line' id='line_1_21' title="bbox 370 3107 1327 3205; baseline 0.001 -25"><span class='ocrx_word' id='word_1_109' title='bbox 370 3110 600 3194; x_wconf 71' lang='lat' dir='ltr'><strong>linconiensis,</strong></span> <span class='ocrx_word' id='word_1_110' title='bbox 613 3110 650 3181; x_wconf 93' lang='lat' dir='ltr'><strong>in</strong></span> <span class='ocrx_word' id='word_1_111' title='bbox 665 3112 808 3182; x_wconf 76' lang='lat' dir='ltr'><strong>Notitio.</strong></span> <span class='ocrx_word' id='word_1_112' title='bbox 828 3111 1032 3199; x_wconf 76' lang='lat' dir='ltr'><strong>Maroneae,</strong></span> <span class='ocrx_word' id='word_1_113' title='bbox 1052 3107 1145 3205; x_wconf 90' lang='lat' dir='ltr'><strong>apud</strong></span> <span class='ocrx_word' id='word_1_114' title='bbox 1162 3111 1327 3183; x_wconf 79' lang='lat' dir='ltr'><strong>Antonin.</strong></span> 
     </span>
    </p>
   </div>
   <div class='ocr_carea' id='block_1_7' title="bbox 710 3312 934 3362">
    <p class='ocr_par' dir='ltr' id='par_1_9' title="bbox 710 3312 934 3362">
     <span class='ocr_line' id='line_1_22' title="bbox 710 3312 934 3362; baseline 0.009 -2"><span class='ocrx_word' id='word_1_115' title='bbox 710 3313 729 3360; x_wconf 78' lang='grc' dir='ltr'><strong>Δ</strong></span> <span class='ocrx_word' id='word_1_116' title='bbox 752 3312 934 3362; x_wconf 71' lang='lat' dir='ltr'><strong>uenenum.</strong></span> 
     </span>
    </p>
   </div>
   <div class='ocr_carea' id='block_1_8' title="bbox 319 3446 1331 3670">
    <p class='ocr_par' dir='ltr' id='par_1_10' title="bbox 319 3446 1331 3670">
     <span class='ocr_line' id='line_1_23' title="bbox 368 3446 1331 3545; baseline 0.003 -28"><span class='ocrx_word' id='word_1_117' title='bbox 368 3447 650 3537; x_wconf 76' lang='lat' dir='ltr'><strong>Menbrositoaus,</strong></span> <span class='ocrx_word' id='word_1_118' title='bbox 675 3446 709 3518; x_wconf 92' lang='lat' dir='ltr'><strong>in</strong></span> <span class='ocrx_word' id='word_1_119' title='bbox 737 3450 855 3533; x_wconf 77' lang='lat' dir='ltr'><strong>Notit,</strong></span> <span class='ocrx_word' id='word_1_120' title='bbox 883 3450 1124 3539; x_wconf 71' lang='lat' dir='ltr'><strong>nemorosam,</strong></span> <span class='ocrx_word' id='word_1_121' title='bbox 1146 3448 1331 3545; x_wconf 86' lang='lat' dir='ltr'><strong>Procopius</strong></span> 
     </span>
     <span class='ocr_line' id='line_1_24' title="bbox 319 3570 1331 3670; baseline 0.003 -27"><span class='ocrx_word' id='word_1_122' title='bbox 319 3571 357 3663; x_wconf 76' lang='lat'><strong>2,</strong></span> <span class='ocrx_word' id='word_1_123' title='bbox 377 3572 482 3651; x_wconf 85' lang='lat' dir='ltr'><strong>15,B.</strong></span> <span class='ocrx_word' id='word_1_124' title='bbox 494 3574 537 3662; x_wconf 80' lang='lat' dir='ltr'><strong>V,</strong></span> <span class='ocrx_word' id='word_1_125' title='bbox 550 3572 609 3668; x_wconf 92' lang='lat' dir='ltr'><strong>qui</strong></span> <span class='ocrx_word' id='word_1_126' title='bbox 621 3571 796 3644; x_wconf 83' lang='lat' dir='ltr'><strong>civitatem</strong></span> <span class='ocrx_word' id='word_1_127' title='bbox 810 3570 904 3644; x_wconf 92' lang='lat' dir='ltr'><strong>illam</strong></span> <span class='ocrx_word' id='word_1_128' title='bbox 918 3595 940 3643; x_wconf 93' lang='lat' dir='ltr'><strong>a</strong></span> <span class='ocrx_word' id='word_1_129' title='bbox 954 3572 1158 3670; x_wconf 80' lang='lat' dir='ltr'><strong>Carthagine</strong></span> <span class='ocrx_word' id='word_1_130' title='bbox 1171 3573 1331 3647; x_wconf 85' lang='lat' dir='ltr'><strong>trecentis</strong></span> 
     </span>
    </p>
   </div>
   <div class='ocr_carea' id='block_1_9' title="bbox 165 3694 1332 3795">
    <p class='ocr_par' dir='ltr' id='par_1_11' title="bbox 165 3694 1332 3795">
     <span class='ocr_line' id='line_1_25' title="bbox 165 3694 1332 3795; baseline -0.002 -24"><span class='ocrx_word' id='word_1_131' title='bbox 165 3766 168 3771; x_wconf 89' lang='lat'><strong>.</strong></span> <span class='ocrx_word' id='word_1_132' title='bbox 317 3705 354 3767; x_wconf 90' lang='lat' dir='ltr'><strong>et</strong></span> <span class='ocrx_word' id='word_1_133' title='bbox 373 3695 622 3793; x_wconf 82' lang='lat' dir='ltr'><strong>quinquaginta</strong></span> <span class='ocrx_word' id='word_1_134' title='bbox 655 3694 773 3766; x_wconf 88' lang='lat' dir='ltr'><strong>stadiis</strong></span> <span class='ocrx_word' id='word_1_135' title='bbox 804 3694 969 3769; x_wconf 85' lang='lat' dir='ltr'><strong>distitisse</strong></span> <span class='ocrx_word' id='word_1_136' title='bbox 994 3695 1088 3770; x_wconf 91' lang='lat' dir='ltr'><strong>dicit.</strong></span> <span class='ocrx_word' id='word_1_137' title='bbox 1112 3696 1268 3795; x_wconf 79' lang='lat' dir='ltr'><strong>Peuting.</strong></span> <span class='ocrx_word' id='word_1_138' title='bbox 1296 3709 1332 3769; x_wconf 88' lang='lat' dir='ltr'><strong>et</strong></span> 
     </span>
    </p>
   </div>
   <div class='ocr_carea' id='block_1_10' title="bbox 316 3818 916 4024">
    <p class='ocr_par' dir='ltr' id='par_1_12' title="bbox 316 3818 916 4024">
     <span class='ocr_line' id='line_1_26' title="bbox 316 3818 545 3892; baseline -0.004 -2"><span class='ocrx_word' id='word_1_139' title='bbox 316 3820 443 3892; x_wconf 75' lang='lat' dir='ltr'><strong>Aulon.</strong></span> <span class='ocrx_word' id='word_1_140' title='bbox 465 3818 545 3891; x_wconf 87' lang='lat' dir='ltr'><strong>ltin.</strong></span> 
     </span>
     <span class='ocr_line' id='line_1_27' title="bbox 715 3974 916 4024; baseline 0.005 -3"><span class='ocrx_word' id='word_1_141' title='bbox 715 3974 733 4021; x_wconf 77' lang='lat' dir='ltr'><strong>a</strong></span> <span class='ocrx_word' id='word_1_142' title='bbox 758 3974 916 4024; x_wconf 82' lang='lat' dir='ltr'><strong>ursorum.</strong></span> 
     </span>
    </p>
   </div>
   <div class='ocr_carea' id='block_1_11' title="bbox 354 4127 1322 4228">
    <p class='ocr_par' dir='ltr' id='par_1_13' title="bbox 354 4127 1322 4228">
     <span class='ocr_line' id='line_1_28' title="bbox 354 4127 1322 4228; baseline 0.002 -26"><span class='ocrx_word' id='word_1_143' title='bbox 354 4130 612 4222; x_wconf 71' lang='lat' dir='ltr'><strong>ltioe&#39;rpensuiu</strong></span> <span class='ocrx_word' id='word_1_144' title='bbox 625 4128 857 4203; x_wconf 77' lang='lat' dir='ltr'><strong>Notitiointor</strong></span> <span class='ocrx_word' id='word_1_145' title='bbox 870 4127 1322 4228; x_wconf 83' lang='lat' dir='ltr'><strong>proconsularisprorincia</strong></span> 
     </span>
    </p>
   </div>
   <div class='ocr_carea' id='block_1_12' title="bbox 0 0 1654 5272">
    <p class='ocr_par' dir='ltr' id='par_1_14' title="bbox 0 0 1654 5272">
     <span class='ocr_line' id='line_1_29' title="bbox 0 0 1654 5272; baseline 0 8"><span class='ocrx_word' id='word_1_146' title='bbox 0 0 1654 5272; x_wconf 95' lang='lat' dir='ltr'><strong> </strong></span> 
     </span>
    </p>
   </div>
  </div>
 </body>
</html>
