3300 5272
808 408 955 469 usual!
989 411 1161 471 FABULA
1194 414 1305 475 erv.
1575 430 1613 480 89

543 568 592 632 De
608 568 670 632 tuis
687 569 782 634 rebus
797 594 895 660 quum
914 574 1027 638 statuis
1052 572 1231 657 judicium,
1258 577 1304 641 nil
1330 576 1428 645 finnae
1452 580 1613 668 opinionis

498 691 660 781 concipias
692 716 730 758 ex
759 695 966 782 prejudicio,
996 720 1056 762 nec
1089 721 1198 764 rursus
1228 698 1379 790 desperes
1408 703 1614 790 animumque

499 812 726 903 despondeas:
750 817 830 883 adeo
857 818 1037 909 decipimur
1060 821 1222 888 interdum
1245 825 1345 889 nimia
1370 826 1487 890 mentis
1512 826 1614 890 confi·

498 959 601 1001 sione.

884 1750 1017 1811 usum
1049 1751 1104 1810 ET
1134 1751 1227 1811 LEO.

546 2152 626 2216 Tres
642 2151 723 2214 tauri
746 2173 871 2239 semper
888 2150 1063 2238 pascebant
1081 2150 1187 2215 simul.
1215 2150 1307 2232 Quos
1319 2167 1355 2215 ut
1373 2149 1619 2239 comprenderet

502 2291 672 2357 insidiatus
689 2291 753 2375 leo,
770 2306 904 2356 cunctos
921 2313 986 2355 una
999 2313 1067 2355 non
1081 2291 1215 2379 putabat
1231 2313 1266 2355 se
1282 2313 1377 2379 posse
1388 2292 1528 2354 vincere.

546 2429 612 2496 Sed
627 2430 773 2496 subdolis
789 2430 863 2496 illos
882 2431 1085 2496 sermonibus
1102 2454 1139 2496 ac
1155 2430 1324 2496 calumniis
1338 2429 1496 2495 collidens
1513 2429 1619 2491 inimi-

503 2573 609 2655 cabat3
640 2589 691 2654 et,
723 2574 768 2638 sic
787 2572 947 2660 disjuncta
969 2573 1145 2639 amicorum
1163 2574 1337 2655 societate,
1361 2572 1503 2662 singulos
1525 2571 1620 2660 coepit

504 2715 601 2794 vesci,
619 2714 729 2778 cibum
743 2712 879 2779 facilem.

548 2862 668 2928 AEvum
686 2885 781 2952 quam
803 2863 995 2927 tutissimum
1010 2885 1103 2952 agere
1119 2866 1146 2928 si
1164 2863 1259 2945 velis,
1286 2864 1423 2928 inimicis
1443 2877 1514 2929 esto
1529 2859 1618 2925 diffi-

505 3005 595 3086 dens,
612 3021 646 3070 et
660 3008 781 3072 amicos
794 3031 923 3098 semper
936 3009 1083 3074 retineas.

537 3440 559 3482 s.
587 3433 696 3496 ranutius
719 3434 745 3484 in
771 3439 894 3498 oomysns
920 3449 944 3498 p.
975 3436 1034 3486 19³:
1090 3434 1191 3499 protulit
1202 3434 1287 3485 Miller.
1298 3434 1336 3484 vir
1347 3434 1413 3485 doct.
1426 3434 1561 3485 ιἜιαστον
1577 3435 1621 3484 εἶεν

505 3513 624 3563 'umor
653 3513 784 3579 lsssidpuss
810 3515 897 3578 γυμνὸν
926 3517 957 3572 ὡς
986 3516 1035 3565 ἕνα.
1089 3515 1359 3581 ἰκΰιΰρώσιωνάθλίοκ.
1377 3520 1423 3564 Pru
1437 3513 1621 3576 simiegendum

506 3597 584 3654 Quem
603 3605 702 3644 versum
720 3593 791 3644 aliter
801 3595 941 3659 scriptume
952 3594 1036 3645 codiee
1088 3593 1187 3643 ridetur
1198 3592 1318 3658 sumre!
1330 3593 1405 3643 ἔσκεν.
