3300 5272
442 422 510 525 {14
749 442 891 493 crrrunr
915 443 1137 505 rccussrncus

440 572 546 648 ditam
561 569 779 668 funditusque
797 593 951 646 eversam
966 569 1137 645 viderunt.
1155 570 1191 644 ld
1208 583 1323 645 autem
1337 572 1440 670 plane

439 699 565 774 mirum
587 708 639 770 est
663 696 698 768 in
721 718 763 768 ea
779 717 815 768 re
842 693 937 792 quod
960 694 1191 790 Felicissimae
1211 697 1271 794 qui
1289 697 1441 770 saveric-

438 845 513 896 rem
529 819 673 919 putabat
698 818 896 910 inimicum,
923 842 999 892 sese
1026 843 1106 895 cum
1131 822 1265 897 Novato
1286 822 1346 918 qui
1370 844 1440 894 non

439 957 573 1019 tantum
604 967 626 1017 a
650 942 758 1042 lapsis
779 965 897 1039 poenas
916 942 1087 1042 exigebat,
1108 942 1170 1017 sed
1186 968 1376 1043 nunquam,
1403 955 1441 1017 ut

437 1070 519 1144 clim
539 1066 779 1158 Tertullianus,
793 1068 843 1139 eis
854 1067 988 1139 reniam
1011 1067 1229 1141 tribuendam
1248 1067 1438 1143 arbitraba·

438 1206 506 1285 tur,
527 1191 640 1266 loedus
655 1191 743 1264 iniit'.
764 1187 831 1263 Sed
851 1190 1040 1289 pugnantia
1056 1200 1090 1262 et
1104 1190 1199 1290 luqui
1212 1202 1246 1265 et
1260 1214 1362 1290 agere
1378 1215 1438 1265 cu·

428 1315 560 1413 pidinis
581 1326 645 1387 est.
1281 1324 1285 1334 '

485 1436 725 1534 Carthaginem
750 1457 935 1533 regressus,
968 1457 1049 1507 cum
1076 1434 1255 1531 paululum
1281 1434 1437 1509 Ecclesia

434 1562 628 1658 respiraret,
658 1557 847 1657 Cyprianus
880 1557 1062 1631 concilium
1092 1557 1227 1632 habuit.
1255 1560 1308 1632 De
1330 1557 1435 1655 lapsis

433 1697 550 1758 actum
572 1693 643 1774 est3
669 1683 729 1778 qui
750 1704 869 1779 peenas
890 1679 1067 1774 dederunt,
1089 1683 1113 1753 ii
1132 1681 1234 1755 mcdc
1257 1704 1434 1755 sacrorum

430 1807 516 1881 iacti
534 1805 672 1880 luerunt
684 1806 883 1902 participes.
905 1808 1105 1903 Hujusvero
1125 1819 1232 1880 coetus
1251 1830 1332 1879 cum
1352 1807 1434 1879 cor-

433 1931 522 2006 nelio
541 1929 686 2003 decretis
707 1929 982 2017 communicatis,
1004 1941 1077 2003 tum
1102 1928 1303 2002 Felicissimi
1324 1930 1448 2003 nimia

432 2065 466 2128 et
481 2053 674 2153 periculosa
693 2050 925 2150 indulgentia,
938 2065 1014 2125 tum
1037 2054 1161 2128 Novati
1178 2075 1316 2127 summa
1334 2075 1431 2126 sere·

430 2181 512 2253 ritas
543 2202 565 2251 a
592 2177 762 2275 plerisque
788 2177 894 2274 rejici.
920 2175 976 2249 Ad
999 2177 1064 2250 hcc
1094 2189 1232 2273 tempus
1260 2177 1300 2249 de
1313 2177 1432 2268 Lepcis

428 2301 515 2376 liber
536 2298 671 2374 ridetur
693 2301 884 2396 pertinere;
912 2322 1060 2396 namque
1086 2298 1253 2372 derebus
1277 2311 1432 2372 recenter
1544 2294 1557 2315 ⁶
1618 2270 1622 2279 Ι

429 2425 620 2524 pacificatis
635 2425 708 2498 suis
725 2435 847 2498 auctor
858 2424 1237 2521 congratulaturverbis
1251 2423 1428 2498 animosad

429 2549 692 2625 commovendos
714 2546 981 2622 accommodatis
1004 2577 1012 2620 ε
1048 2580 1065 2615 s
1082 2551 1152 2622 Pax
1170 2548 1334 2622 Ecclesiae
1351 2545 1430 2621 red-

429 2673 501 2747 dita
520 2685 586 2761 est,
602 2685 637 2747 et
647 2672 739 2769 quod
752 2671 891 2745 dillicils
903 2695 1014 2768 nuper
1030 2672 1214 2746 incredulis
1231 2696 1272 2745 ac
1290 2671 1430 2770 perfidis

428 2796 638 2895 impossibile
660 2794 851 2887 ridebatur,
880 2818 946 2893 cpe
965 2807 1067 2893 atque
1092 2795 1219 2869 ultione
1236 2797 1352 2870 diviua
1377 2821 1429 2871 se·

427 2922 556 2994 curitas
578 2930 696 2991 nostra
715 2935 873 3015 reparata
896 2921 969 2993 estl
992 2922 1028 2991 ln
1046 2918 1199 2993 laetitiam
1218 2933 1351 2995 mentes
1378 2945 1428 2995 re

428 3042 549 3133 deunt,
583 3053 618 3114 et
642 3054 845 3138 tempestate
870 3065 1039 3138 prcssurae
1068 3066 1108 3115 ac
1134 3043 1227 3117 nube
1255 3043 1423 3136 discussa,

424 3164 650 3262 tranquillitas
671 3188 713 3236 ac
732 3166 896 3242 serenitas
920 3163 1139 3238 refulserunt.
1162 3199 1175 3232 ι
1195 3166 1326 3241 Deinde
1346 3192 1427 3241 con-

426 3289 615 3363 fessoribus
633 3287 859 3380 adstantibus,
883 3289 1022 3382 exsilio,
1042 3313 1191 3385 carcere,
1218 3291 1426 3366 cruciatibus

424 3414 598 3504 toleretis,
621 3411 663 3484 de
682 3413 788 3484 animi
807 3411 970 3486 firmitate
987 3414 1157 3488 immensa
1177 3414 1289 3489 elatus
1311 3415 1427 3489 latitia

423 3536 611 3637 gratulari:
640 3567 655 3600 ι
678 3538 789 3625 Quam
802 3560 863 3610 ros
883 3537 963 3611 lacte
987 3528 1067 3612 sin'u
1089 3564 1150 3613 suo
1169 3541 1297 3638 excipit
1315 3552 1427 3613 meter

425 3661 582 3737 Ecclesia
600 3658 643 3732 de
668 3661 788 3757 proelic
807 3664 1031 3735 revertentes!
1061 3685 1165 3760 qnam
1181 3664 1300 3754 beata,
1320 3685 1427 3761 quam

425 3783 576 3883 gaudens
599 3795 716 3879 pertas
739 3807 819 3857 suas
842 3786 970 3881 aperit,
991 3796 1030 3858 ut
1053 3785 1209 3860 adunatis
1233 3785 1425 3885 agminibus

425 3910 556 3984 intretis
582 3906 624 3980 de
643 3907 741 3980 hoste
765 3918 937 4003 prostrato
954 3920 1084 4006 tropaea
1102 3910 1307 3984 relerentes!
1336 3913 1423 3983 Cum

424 4030 712 4130 triumphantibus
728 4031 812 4103 siris
835 4042 870 4103 et
893 4031 1030 4106 feminas
1057 4035 1211 4128 veniunt,
1239 4056 1316 4132 quas
1341 4056 1421 4108 cum
