3300 5272
322 439 369 512 „a
653 439 832 498 normias
852 438 1108 500 remicurto.

317 608 386 669 η,
399 587 567 679 quamvis
587 599 706 654 careat
719 583 845 677 (fabor
865 588 964 687 enim
985 585 1098 657 libere
1119 585 1221 682 quod
1238 587 1382 684 sentio)
1404 613 1445 659 ea

319 700 491 770 mnndi
514 697 704 793 diligentia
732 716 769 770 et
797 717 963 771 accurata
989 716 1184 772 auctorum
1203 726 1244 773 ac
1264 701 1444 774 librorum

318 816 469 898 notitia,
488 841 570 911 quae
585 814 806 886 relationum
822 815 859 886 id
874 840 987 909 genus
1006 815 1116 887 fidem
1138 832 1271 911 augent
1290 832 1326 888 et
1348 805 1445 888 utili·

317 945 443 1002 mem.
453 930 526 1001 Sed
542 932 661 1002 Grmci
673 929 844 1002 homines
858 931 1029 1002 diffusam
1044 931 1141 1003 illam
1158 932 1443 1004 occidentalium

316 1043 563 1116 eruditionem
581 1045 751 1116 nondum
773 1045 1003 1135 aemuiantur,
1023 1046 1160 1143 quihus
1181 1045 1274 1117 nihil
1296 1046 1447 1143 negligi·

319 1176 392 1247 tur,
410 1185 458 1230 ne
476 1186 519 1231 ea
532 1160 683 1257 quidem
703 1185 785 1258 quae
798 1162 952 1233 minima
968 1176 1054 1232 sunt
1074 1177 1137 1233 aut
1159 1185 1239 1232 esse
1259 1160 1446 1233 videntur.

318 1277 468 1346 &leros
486 1277 580 1346 inter
593 1275 742 1347 codices
761 1277 898 1347 eminet
920 1279 1075 1348 maxime
1095 1275 1309 1367 Bebrianus,
1333 1300 1444 1374 quem

318 1395 433 1472 liwir
457 1397 494 1461 in
524 1390 749 1463 Bibliotheca
777 1393 917 1462 Sanctae
949 1395 1071 1462 Laurae
1095 1393 1229 1464 Montis
1267 1392 1364 1464 Atho
1393 1393 1448 1491 (r)

320 1508 477 1603 reperit,
497 1508 572 1577 imo
591 1505 747 1594 detexit,
768 1520 878 1601 atque
900 1506 946 1577 de
968 1507 1103 1578 latebra
1115 1506 1258 1605 paedore
1283 1508 1388 1604 plena
1406 1534 1448 1580 ac

319 1620 491 1691 sordibus
505 1636 728 1692 marcentem
744 1622 894 1693 extraxit
913 1621 1137 1719 foedumqne.
1152 1625 1233 1709 Qua
1245 1622 1292 1694 de
1307 1648 1345 1694 re
1356 1622 1447 1694 mihi

320 1735 577 1831 benignissime
599 1735 771 1807 utendam
804 1738 965 1834 permisit
985 1753 1019 1808 et
1041 1736 1321 1809 describendam
1341 1738 1448 1811 diarii

320 1851 543 1947 particulam,
558 1854 758 1949 eamquein
775 1855 850 1924 imo
861 1855 1019 1949 margine
1041 1878 1188 1951 appono
1201 1855 1254 1953 (a)
1265 1856 1354 1952 ipsis
1369 1854 1447 1951 ejus

324 2205 367 2267 μ’
384 2205 478 2267 m
494 2208 592 2256 consul
607 2209 647 2267 ts,
657 2206 767 2256 continet
778 2205 912 2268 Georgius,
923 2218 968 2254 nec
982 2218 1082 2268 prorsus
1098 2204 1203 2255 eraaido
1215 2204 1329 2254 monaclu
1340 2204 1448 2265 nomine,

323 2285 522 2349 mondum,
532 2286 598 2350 quod
613 2290 671 2336 ante
682 2299 759 2336 annos
774 2286 846 2336 hosce
859 2285 999 2349 quindecim
1017 2286 1095 2348 primo
1110 2284 1289 2334 anecdotorum
1308 2289 1450 2334 (trecorum

325 2364 416 2414 ‘nserm
428 2365 555 2415 volumini.
577 2365 649 2415 libro
664 2365 789 2415 Parisiensl
800 2366 906 2414 multum
923 2369 1025 2428 praestat
1038 2377 1088 2427 quo
1103 2364 1133 2413 ad
1152 2363 1284 2413 editionem
1301 2375 1381 2412 meam
1393 2375 1449 2412 sum

325 2455 398 2503 κη
412 2443 457 2494 sed
467 2447 506 2494 est
520 2458 607 2507 magua
618 2445 656 2494 sni
671 2447 738 2506 parte
749 2445 859 2505 mutilus,
870 2445 960 2506 quippe
978 2442 1020 2504 qui
1041 2440 1151 2501 destun,
1170 2441 1252 2490 media
1271 2441 1340 2490 litera
1355 2454 1407 2503 my,
1425 2439 1450 2490 ln

326 2522 407 2572 vasu
415 2524 572 2588 ὀλιγοχρόνιος
584 2524 680 2580 θάνατος
692 2523 753 2572 milii
768 2536 791 2585 ρ.
805 2527 842 2572 59.
856 2528 1034 2583 nonnusquam
1045 2520 1069 2568 ln
1080 2519 1258 2569 commentario
1274 2519 1393 2569 usbriauo
1408 2532 1450 2569 cu·

325 2602 406 2652 diem
418 2604 546 2665 Georgidae
555 2602 689 2652 iterumad
702 2607 784 2665 partes
798 2602 893 2650 vocavi.

357 2684 392 2744 (ί)
407 2687 443 2732 lte
460 2685 550 2732 tontis
561 2682 624 2732 lilio
634 2682 797 2742 monasteriis,
808 2685 833 2730 et
847 2680 1000 2744 peculiariter
1012 2679 1043 2729 de
1063 2684 1085 2728 S.
1104 2682 1196 2741 Laura,
1216 2679 1306 2742 prodiit
1319 2692 1404 2742 nuper
1424 2679 1450 2728 in

326 2763 666 2826 conpectultibliograpliioo
675 2761 796 2811 stilleriv.
809 2759 834 2809 d.
846 2765 865 2809 t.
883 2763 896 2808 l
915 2765 940 2809 et
956 2766 984 2820 5,
1002 2759 1109 2808 narratio
1126 2773 1141 2808 a
1159 2758 1322 2809 Braconnerio
1341 2757 1452 2821 toyollta

327 2841 497 2906 Pdrewlpta
506 2857 529 2892 a.
542 2845 611 2903 1706,
622 2840 769 2891 monachicis
780 2840 880 2904 quidem
895 2839 993 2902 ineptiis
1002 2843 1112 2900 scatens,
1127 2837 1171 2889 sed
1188 2852 1219 2887 ex
1237 2851 1287 2900 qua
1300 2840 1382 2887 tamen
1400 2836 1451 2899 plu-

328 2922 391 2970 rima
399 2922 483 2972 tollere
493 2922 579 2986 possis.
589 2921 691 2971 videtur
700 2935 748 2969 non
758 2918 904 2969 nitidissima
914 2921 953 2968 rel
964 2933 1010 2969 sua
1020 2919 1059 2968 rel
1071 2917 1163 2968 librarii
1176 2931 1250 2967 manu
1270 2930 1342 2966 usum
1361 2915 1437 2966 luisse
1443 2934 1451 2978 ;

329 3000 551 3065 uadeirrepsemnt
562 3001 650 3051 menda
662 2999 779 3050 nonnulla
790 3013 840 3048 nou
851 2998 992 3060 mediocria,
1005 2999 1094 3060 hocce,
1105 2998 1173 3048 verbi
1186 3011 1270 3057 causa,
1283 2999 1302 3048 t.
1314 3008 1339 3058 l,
1352 3010 1375 3058 l)-
1391 2998 1451 3046 itu:

328 3081 500 3146 Apostolorum
519 3082 651 3145 hospitium
670 3100 682 3123 ι
695 3080 769 3144 qu’on
788 3093 889 3128 nomme
904 3079 967 3128 dans
983 3079 1006 3129 le
1024 3092 1083 3142 pays
1097 3078 1274 3143 cataractam
1291 3090 1364 3127 cause
1381 3076 1454 3126 dela

330 3184 341 3201 κ
356 3161 447 3225 grande
464 3163 576 3224 qemun
593 3161 623 3211 de
641 3162 750 3210 couriers
767 3160 878 3222 quisunt
890 3172 920 3208 eu
937 3163 976 3209 cet
989 3159 1085 3209 endmit
1098 3179 1120 3205 »-
1138 3157 1313 3220 corrigendum
1334 3157 1453 3220 suspicor,

330 3261 342 3284 ι
355 3246 479 3306 wuito
489 3263 502 3285 ι
513 3241 641 3307 (mmcd),
658 3247 683 3290 et
696 3261 708 3282 a
719 3241 831 3290 cerislers
842 3260 863 3287 ».
885 3240 956 3301 Quod
973 3239 1084 3289 irruatur
1095 3244 1133 3288 lo.
1151 3237 1268 3289 eumaem
1287 3237 1454 3299 rescriptione

330 3323 418 3373 umus
427 3323 490 3372 atho
498 3337 523 3386 ρ.
537 3326 583 3372 458
594 3336 600 3369 :
613 3321 675 3370 aar&
687 3321 712 3369 δὲ
721 3321 760 3369 τὸν
772 3319 867 3383 δρόμον,
878 3319 939 3368 ὅπου
953 3319 1036 3381 ὑπάγει
1051 3320 1098 3368 ἀπὸ
1109 3321 1151 3377 τὴν
1164 3318 1233 3380 ἁγίαν
1252 3317 1334 3366 Ἄνναν
1349 3317 1406 3380 πρὸς
1426 3316 1455 3364 τὸ

330 3404 484 3468 mma
492 3410 533 3462 τῆς
542 3406 604 3466 ἱερᾶς
613 3403 706 3465 Λαύρας
715 3405 756 3449 τοῦ
766 3401 834 3450 ὁσίου
846 3399 983 3449 utendos
995 3401 1168 3463 εὑρίσκονται..
1179 3433 1184 3443 .
1200 3401 1215 3457 ἡ
1227 3397 1327 3461 samaia
1342 3398 1403 3445 ὅπου
1413 3398 1453 3444 καὶ

329 3483 488 3545 παραπλήσιον
504 3487 551 3530 τῶν
563 3483 637 3544 ἁγίων
655 3480 810 3533 Ἀποστόλων.
822 3485 915 3528 uanus
927 3482 946 3527 t.
958 3486 981 3538 5,
995 3492 1018 3541 ρ.
1033 3485 1063 3528 60
1076 3494 1082 3526 :
1101 3477 1274 3526 nonasterium
1284 3482 1324 3534 τῆς
1334 3477 1458 3547 Μεταμορ

329 3561 426 3622 ρώπως
438 3584 449 3603 ι
460 3564 498 3610 est
510 3561 574 3610 sitne
592 3574 622 3608 au
635 3559 718 3609 milieu
732 3558 776 3606 des
790 3557 1016 3619 montagrerium
1030 3557 1112 3606 bonne
1127 3557 1210 3619 ροηδε
1225 3555 1256 3604 de
1271 3567 1403 3617 mourques
1415 3552 1449 3602 du

331 3659 344 3682 ι
356 3639 435 3702 lsourg
445 3659 468 3687 υ.
482 3639 620 3700 legendum
630 3638 726 3686 videtur
737 3656 748 3678 a
760 3635 846 3699 portte
854 3636 885 3685 de
897 3640 1027 3700 monsquet
1041 3657 1062 3682 υ.

364 3719 399 3781 (t)
417 3739 430 3762 a
441 3718 568 3769 L’histoire
577 3719 610 3767 dn
623 3718 767 3778 manuscrit,
779 3716 823 3778 qui
836 3716 946 3765 contient
959 3718 993 3765 les
1003 3716 1089 3766 rables
1101 3715 1203 3779 d'Fsupe
1215 3713 1339 3763 versifices
1356 3727 1399 3775 par
1413 3719 1455 3762 lta·

332 3797 419 3847 lebrias
428 3796 487 3860 [rid.
499 3811 525 3861 p.
537 3797 572 3861 ui,
582 3800 621 3847 est
631 3796 733 3846 celle-ci.
828 3802 893 3844 Dans
905 3796 927 3844 lc
938 3802 1045 3846 convent
1053 3796 1084 3844 de
1092 3795 1219 3856 tauram
1230 3792 1401 3852 ttoni-athos,
1414 3793 1457 3854 ily

332 3876 423 3926 adeux
437 3876 625 3940 bibliotheques‚
635 3889 683 3926 une
694 3877 804 3938 petiteet
813 3889 860 3924 une
875 3875 974 3937 grande.
991 3882 1024 3925 La
1035 3875 1153 3938 premiere
1172 3875 1282 3923 contient
1296 3872 1340 3922 des
1358 3885 1458 3921 manus·

332 3956 391 4005 erlls
400 3956 479 4006 touti
490 3957 532 4005 lalt
543 3956 701 4006 abandounes
710 3960 735 4005 et
743 3956 806 4016 letes
816 3954 955 4017 pale-mele,
971 3954 994 4003 la
1007 3953 1106 4017 plupart
1119 3953 1216 4016 pontus
1227 3966 1270 4015 par
1284 3949 1421 4004 l‘uunudits
1432 3953 1457 3998 et

333 4034 528 4086 lesorduresdes
536 4037 660 4096 animani,
673 4049 703 4084 au
715 4036 786 4098 point
795 4047 843 4096 que
851 4034 885 4082 les
894 4034 952 4083 Vles
961 4034 1005 4083 des
1013 4034 1125 4083 hommes
1133 4033 1240 4082 illustres
1256 4045 1299 4094 par
1313 4031 1455 4090 stumque,

333 4127 440 4176 ouvrage
451 4115 587 4165 manuscrit
602 4117 664 4165 dont
682 4112 826 4164 l’allemand
844 4113 971 4163 zacharias
982 4113 1050 4177 parle
1067 4112 1128 4161 daus
1146 4114 1167 4161 le
1177 4111 1250 4161 truite
1266 4110 1297 4160 de
1309 4122 1355 4158 son
1368 4121 1459 4170 voyage

333 4194 392 4256 qn'il
402 4194 429 4243 ut
437 4194 455 4243 il
465 4208 480 4257 y
491 4209 506 4244 a
517 4194 572 4243 huit
579 4208 623 4243 aas
634 4207 665 4242 au
673 4192 837 4252 ucat-ithus,
848 4192 982 4240 manuscrit
991 4191 1056 4240 alors
1064 4190 1180 4254 complet,
1189 4189 1214 4252 je
1228 4188 1270 4238 l'ai
1280 4187 1369 4237 trouve
1379 4187 1459 4237 touti

334 4271 477 4335 ladablme5
488 4273 503 4322 il
513 4272 605 4322 u'avait
615 4275 668 4336 plus
676 4272 773 4335 quedix
780 4272 888 4332 caulem
898 4283 928 4320 en
938 4270 1028 4333 grande
1038 4269 1157 4334 particles
1164 4269 1261 4319 renides
1268 4267 1359 4317 etaient
1371 4266 1459 4316 miltes

333 4352 359 4401 et
367 4353 486 4415 pourries
501 4359 567 4403 Tuus
579 4353 613 4403 les
625 4357 707 4404 autres
716 4352 862 4403 manuscrits
873 4352 964 4402 etatem
974 4351 1034 4402 dans
1043 4364 1077 4400 uu
1092 4351 1145 4400 stat
1155 4347 1290 4413 pltoyaltle.
1299 4352 1327 4398 te
1336 4347 1457 4396 travaillai

334 4431 395 4483 dans
403 4434 467 4481 rette
477 4432 645 4496 bibliotheque
658 4432 745 4495 quinte
756 4433 832 4496 jonas,
842 4431 1005 4495 accompagn&
1013 4430 1072 4480 d'uu
1084 4429 1175 4490 dnus,
1193 4428 1292 4478 rnnme
1305 4424 1411 4486 Gabriel,
1426 4437 1457 4475 en
