3300 5272
531 475 659 529 nnius
682 476 723 528 nn
746 475 900 529 conisus.
1175 456 1217 531 71

269 602 340 675 Cir.
361 602 479 694 show,
499 611 523 673 t.
550 607 582 693 1,
604 625 641 699 p.
663 603 722 693 36,
740 603 927 693 senonico,
944 625 980 674 n.
1003 601 1095 676 3842
1115 614 1150 676 et
1165 625 1219 702 sq.

221 724 305 800 Vide
321 737 355 800 ot
370 725 529 824 Dupuoh‚
552 727 652 800 Essoi
665 749 727 800 sur
743 725 912 820 inluuie,
930 749 967 823 p.
993 727 1077 800 253.

655 955 674 1005 Α
697 953 790 1037 liovi-
905 1034 909 1041 '

270 1117 321 1188 Ad
334 1120 457 1209 Novas,
476 1121 601 1191 Anton.
620 1119 697 1191 ltin.
715 1141 784 1191 non
802 1117 921 1216 procul
940 1117 985 1192 ab
999 1117 1126 1218 oppido
1138 1142 1227 1194 nouo

70 1303 72 1309 .
222 1239 328 1314 inisse
346 1238 440 1314 dicit.
457 1242 554 1317 Duos
570 1264 652 1315 vero
670 1243 831 1316 Nobeooes
845 1241 1037 1341 episcopos,
1059 1245 1229 1318 Verecun-

222 1363 306 1438 dum
321 1366 487 1440 nimirum
506 1376 541 1440 et
556 1367 759 1441 Benontium
774 1365 879 1441 hebet
893 1369 1032 1442 Notitia.
1050 1369 1122 1478 Cin
1140 1365 1227 1443 Plin.

222 1487 283 1561 lib.
312 1514 353 1581 11,
382 1513 460 1587 cap.
495 1491 530 1563 2.
560 1489 649 1563 Ptol.
669 1490 730 1564 lib.
761 1515 808 1583 iv,
838 1514 915 1589 cap.
948 1493 984 1565 2.
1006 1486 1225 1584 Ὀππιδονίον,

227 1615 394 1711 Anonym.
417 1616 571 1686 Ravenn.
650 1659 652 1665 ,
1137 1623 1141 1631 '

649 1800 688 1848 ΑΒ
712 1798 805 1849 ΟΒΒΔ.

271 2002 313 2071 Η.
334 2002 458 2073 Eubois.

270 2127 394 2198 Babba.
421 2123 508 2197 Plin.
534 2126 646 2198 Boibe
663 2124 698 2199 in
715 2125 865 2200 nummis
892 2124 1026 2201 dicitur.
1049 2124 1119 2201 Sed
1139 2127 1232 2200 obot-

224 2252 297 2322 tani
309 2259 343 2322 et
356 2251 513 2326 othones
524 2251 677 2350 episcopi
696 2251 836 2351 plurimi
850 2253 888 2326 in
904 2253 1011 2347 succis
1029 2275 1230 2332 monumen—

131 2366 133 2379 ⁴
223 2374 268 2446 tis
289 2372 533 2472 designantem
547 2399 653 2473 prope
669 2377 782 2449 Lares.

617 2580 620 2585 '
650 2595 669 2642 s
692 2594 810 2644 u1u1su.

270 2753 432 2830 Moctolo?

266 2883 400 2978 Τιμίκην
429 2880 635 2954 Ptolemaeus
654 2904 699 2970 nv,
727 2883 749 2954 2
779 2895 813 2953 et
844 2882 866 2954 3
891 2883 981 2956 inter
1005 2881 1229 2957 Mauretaniae

226 3008 442 3086 Caesariensis
461 3016 615 3080 recenset
633 2990 787 3079 civitates
802 3028 880 3104 quae
903 3017 1000 3078 erunt
1013 3004 1078 3080 sub
1097 3006 1230 3104 legione

225 3133 370 3234 Augusti
387 3133 488 3205 tertie
507 3135 604 3228 cujus
620 3129 859 3226 inscriptiones
875 3129 1084 3202 mentionem
1103 3128 1230 3203 afferre

225 3257 353 3347 solent,
375 3267 414 3330 ut
430 3263 524 3353 patet
543 3277 587 3326 ex
604 3251 724 3325 codice
743 3253 789 3325 D.
809 3252 932 3326 Leonis
949 3252 1077 3358 Renicr
1093 3250 1231 3351 amplis·

225 3382 326 3454 simo.
344 3421 391 3435 -
409 3378 495 3452 Plin.
521 3401 555 3467 v,
577 3377 615 3450 2.
630 3417 681 3430 -
694 3376 775 3449 Fuit
793 3399 875 3449 vero
891 3376 983 3449 inter
1003 3372 1126 3448 fluvios
1153 3364 1231 3447 Can

154 3480 156 3484 ⁴
224 3517 368 3578 tennum
382 3513 485 3597 atque
500 3497 700 3574 Mulucham
716 3521 758 3572 nc
773 3523 841 3572 non
854 3496 972 3598 procul
985 3497 1030 3572 ab
1046 3478 1240 3572 Arsonaiic'

225 3626 356 3702 Timice
375 3624 453 3698 sito.

274 3751 345 3825 Cir.
366 3747 529 3845 Dupuch,
548 3748 660 3836 ussat,
683 3747 827 3845 nuos.

279 3875 463 3972 (Housnsos
495 3894 553 3945 son
574 3882 764 3946 'nnnucnsuu
801 3893 920 3943 cnxvni
957 3858 1239 3977 Mtumuunuus

222 4025 366 4074 oniscon
390 4002 621 4074 cinnum
642 3993 845 4091 inussisse.)
