3300 5272
556 456 598 506 nr
621 457 794 512 scuturensi
816 456 928 508 aaran.
1185 437 1252 508 155

239 586 385 686 ingemit
411 586 478 658 hoe
503 583 684 658 hominum
708 607 818 683 genus
836 597 868 658 et
883 587 1048 679 prosaicae
1068 589 1251 675 ettrlosum,

236 724 267 784 ot
284 712 464 806 procellose
483 713 658 799 tamiolnrn,
674 724 704 784 et
721 712 924 783 instabiliter
944 710 1085 804 {lailoun
1096 721 1121 782 ¹.
1140 712 1173 785 ls
1195 723 1249 784 tu·

236 858 316 908 men
336 837 396 935 qui
415 832 483 909 non
500 848 574 909 tam
593 836 806 932 importuosa
823 847 1027 932 tempestate
1047 836 1166 925 utitur,
1191 836 1248 909 iu·

235 959 369 1033 tardum
394 960 538 1061 pelagus
560 961 674 1034 nentis
698 960 893 1058 placidum,
920 960 1020 1034 dulce
1048 960 1189 1058 quidem
1213 969 1249 1035 et

230 1086 419 1186 jucundum
446 1086 708 1186 spectaculum,
739 1085 1028 1183 contemplatur².
1051 1087 1246 1183 Cyprianus

233 1224 348 1285 autem
369 1210 430 1308 qui
447 1212 521 1284 sine
536 1208 606 1283 ulla
620 1209 875 1282 intermissione
887 1220 1043 1306 tempore
1057 1208 1247 1282 sanissimo

229 1340 391 1431 jactatur,
414 1332 550 1406 assidue
567 1331 696 1406 fluctus
723 1333 847 1429 aspicit
869 1342 909 1405 ut
930 1330 1089 1429 procella
1110 1329 1246 1405 obnita-

232 1472 301 1532 tur.
319 1458 356 1531 Si
375 1458 466 1531 forte
485 1481 564 1530 eum
585 1470 801 1529 commoveat
817 1455 877 1529 ille
888 1469 1039 1530 {eternus
1050 1456 1151 1553 quasi
1169 1479 1246 1530 nra·

231 1584 278 1656 ris
290 1583 380 1656 risus
398 1604 536 1679 semper
555 1579 710 1678 ejusdem
727 1579 867 1656 eaedem
883 1603 963 1654 orus
975 1581 1195 1668 attentantis,

675 1804 788 1854 Ποντίων
801 1802 920 1870 κυμάτων

468 1888 607 1956 &liptinas
621 1885 734 1952 γιλιίσμα
744 1891 765 1950 ⁸,

230 2072 259 2144 ei
274 2073 391 2159 stetim
401 2073 550 2145 occurrit
564 2071 768 2146 Christianae
778 2074 914 2146 virinus
925 2075 1039 2169 imago
1052 2096 1129 2169 quae
1141 2074 1244 2144 stabi·

131 2288 133 2293 ⁴
229 2196 272 2271 lis
285 2200 600 2292 conclamasse,
614 2211 729 2271 eontra
742 2199 1242 2291 moresimarsmatqaeimpa

227 2334 280 2395 tas
292 2323 529 2395 oblatrantium
545 2323 726 2416 (lactucam,
744 2325 834 2395 oelnt
846 2335 950 2416 petra
968 2325 1147 2415 objacentis
1167 2327 1188 2415 s
1223 2362 1240 2377 ·

228 2448 369 2519 titudine
394 2459 424 2519 et
451 2448 548 2538 mole,
570 2451 662 2520 debet
680 2446 873 2520 obsisteret.

274 2569 344 2643 Sed
356 2594 424 2643 nan
437 2572 471 2643 in
485 2574 535 2645 eis
548 2571 653 2645 rebus
663 2571 782 2644 liberis
792 2573 993 2670 pacatisque
1003 2583 1160 2645 versatus
1170 2573 1240 2669 qui·
1340 2552 1343 2557 ’

224 2697 291 2770 bue
307 2694 365 2768 diu
379 2697 590 2792 Augustinus
607 2697 811 2786 inuitasset,
827 2697 881 2770 nir
896 2697 1045 2792 pectoris
1058 2696 1238 2794 apostolici

223 2824 340 2921 vigore
357 2822 534 2920 preditus,
555 2844 669 2919 neque
691 2822 936 2895 amoenissimis
954 2822 1172 2898 munenibus
1186 2824 1238 2896 in·

223 2945 389 3046 dulgere,
407 2970 518 3046 neque
542 2946 711 3020 antitheta
728 2945 854 3020 librare
873 2957 1019 3043 poteret.
1040 2949 1136 3021 Heul
1158 2959 1238 3020 aute

222 3072 340 3144 omnia
355 3073 525 3171 lacrymas
544 3097 660 3147 rerum
678 3072 806 3166 ebibit3
833 3074 961 3169 saepius
978 3084 1012 3145 et
1031 3074 1180 3144 tristitiae
1202 3082 1237 3145 et

223 3197 422 3270 acerbitatis
440 3200 470 3270 ei
484 3198 577 3272 nube
594 3198 711 3298 obtegi
728 3201 909 3274 universus
923 3197 1075 3271 mundus
1090 3196 1235 3269 videtur.

222 3320 315 3395 Bella
333 3320 464 3394 scilieet
486 3320 742 3419 frequentiora,
763 3321 967 3396 infecundas
989 3320 1152 3414 arbores,
1174 3342 1236 3393 ver

221 3444 486 3538 minnslaetum,
510 3443 633 3519 orbem
655 3444 803 3543 denique
825 3456 1062 3520 senescentem
1087 3443 1234 3519 arbitra·

220 3582 290 3644 tur.
319 3574 393 3644 lma
411 3570 472 3668 qui
496 3569 612 3643 vivere
633 3571 822 3668 incipiunt,
845 3577 921 3669 jam
950 3592 1049 3644 senes
1074 3592 1150 3643 esse
1173 3593 1234 3644 eos

254 3783 277 3830 t.
293 3777 448 3845 taguma,
466 3780 637 3844 confession..
648 3776 714 3831 edit.
724 3777 898 3843 benedictin,
911 3776 930 3830 1.
940 3778 1012 3844 1111,
1021 3791 1045 3830 c.
1056 3792 1104 3843 xx,
1116 3791 1197 3830 num.
1206 3779 1233 3829 3.

252 3870 278 3914 2.
296 3862 412 3926 ornere,
424 3876 441 3914 o
451 3861 540 3926 littus,
552 3876 646 3927 verum
657 3866 840 3931 necatumque
855 3863 982 3929 μινσιῖιν,
996 3874 1081 3930 quam
1098 3859 1235 3916 multatu-

219 3943 326 4008 venitis‚
337 3959 420 4014 quam
428 3945 515 3999 multa
524 3944 640 4000 aientia
657 3944 727 4001 Plin.
740 3949 764 4001 l.
777 3946 826 3999 lib.
842 3946 959 4012 ttulit.

253 4038 278 4082 s.
295 4029 409 4102 AEschyl.
423 4032 571 4096 Prornetb.,
583 4045 610 4084 v.
619 4030 663 4085 bb.

253 4123 276 4168 t.
294 4119 335 4171 tal
347 4116 680 4185 cornelium,Eplsl.L1V,
694 4126 717 4171 t.
