3300 5272
552 505 606 553 ιιιι
623 502 788 552 ιονεειινιιε
804 503 883 550 υιοε.
1167 487 1230 560 197
1294 464 1297 469 ¹

223 623 227 632 ³
282 624 345 702 Επὶ
361 635 481 710 τούτοις
502 637 518 697 ό
534 634 630 723 κόμης
653 631 728 722 πρὸς
746 633 875 696 ἕκαστον
895 636 955 696 τῶν
971 626 1141 723 λεγομένων
1158 654 1233 721 σρο-

231 748 377 849 θροτέραν
398 760 481 839 αὐτῷ
508 757 564 829 τὴν
589 744 700 826 ὀθόνην
728 741 910 831 έπιτιθείςθ·
934 752 997 819 Καὶ
1029 751 1053 819 εἰ
1083 754 1234 823 ἀθανάτου

231 878 396 964 βασιλείας,
415 880 509 973 ἔλεγε,
529 877 673 970 φαίνομαί
691 903 739 944 σοι
757 871 897 969 πρόξενος
915 878 967 962 ὢν,
987 879 1037 944 ἔτι
1055 903 1102 945 σοι
1120 885 1235 947 πολλα-

228 1004 388 1071 πλασιάσω
415 1006 469 1076 τήν
497 1002 661 1093 τιμωρίαν,
683 1003 734 1069 καὶ
754 1000 858 1093 μισθόν
878 1027 929 1092 μοι
954 1000 1079 1081 πάντως
1095 1008 1233 1095 ὀρλήσεις

229 1134 283 1205 τῆς
298 1127 464 1222 εὐεργεσίας
483 1126 534 1192 καὶ
548 1135 606 1191 τῶν
621 1125 768 1218 χαρίτων,
784 1123 825 1191 ὧν
843 1127 902 1219 ἐγώ
916 1149 964 1190 σοι
978 1119 1127 1217 ,πρόξενος
1143 1125 1234 1220 ’γίνο-

228 1276 293 1339 μαι.
314 1257 423 1318 Ταῦτα
444 1248 534 1316 εἰπὼν
552 1248 603 1314 καὶ
623 1249 728 1340 μικρόν
751 1272 782 1312 τι
805 1240 880 1325 ξέειν
900 1251 1141 1341 παραχωρήσας,
1167 1245 1233 1317 είτα

229 1384 283 1452 τῆς
299 1346 445 1465 τιμωρίας
461 1374 626 1458 ε’παιίσατο,
646 1375 701 1439 οὐκ
714 1371 1000 1465 ἐκριλανθρωπίας,
1016 1371 1095 1439 αλλὰ
1109 1367 1141 1452 ἐξ
1154 1375 1233 1441 ἀπο-

230 1496 304 1586 ρίας,
329 1495 478 1589 ἀπογνοὺς
502 1500 602 1586 ὥσπερ
625 1499 681 1570 τήν
704 1503 764 1562 τῶν
787 1493 880 1588 ἁγίων
909 1493 1079 1586 μετάθεσιν.
1109 1494 1165 1562 Διά
1193 1490 1231 1571 θη

228 1629 341 1704 ταῦτα,
356 1619 407 1687 καὶ
423 1617 463 1698 εἰς
483 1615 614 1709 ρρουράν
631 1619 684 1710 μὲν
700 1621 753 1685 τὸν
769 1620 955 1709 Κυπριανὸν,
972 1603 1123 1687 Ῑουστίναν
1145 1612 1179 1687 θὲ
1193 1622 1232 1701 εἰς

226 1745 261 1810 τὸ
288 1754 343 1822 τῆς
368 1731 569 1835 Τερεντίνης2
604 1743 766 1835 λεγόμενον
800 1746 1028 1836 φροντιστήριον
1059 1745 1232 1836 ἀπαχθῆναι

225 1866 429 1956 προστάττει·
453 1863 535 1944 αὖθις
552 1857 586 1931 δὲ
603 1863 684 1956 μετὰ
703 1867 808 1957 χρόνον
835 1869 869 1932 οὐ
888 1871 1088 1959 πολυήμερον,
1115 1867 1153 1946 εἰς
1169 1861 1232 1946 ἐξέ-

226 2017 314 2057 τασιν
334 1982 478 2083 δευτέραν
497 1989 774 2082 ,παραστησάμενος
793 1991 864 2066 τοὺς
883 1991 998 2084 ἁγίους,
1018 1993 1181 2084 πρᾳότητά
1199 2020 1231 2060 τε

228 2115 415 2206 ὑποκριθείς·
443 2117 497 2188 Μή
515 2115 680 2198 θελήσητε,
700 2113 770 2203 ἔφη,
789 2101 962 2205 ἀνθρώπῳ5
992 2115 1132 2183 τεθνεῶτι
1157 2117 1231 2183 ἀκο·

223 2239 379 2321 λουθῆσαι,
388 2229 468 2329 μηδὲ
483 2229 644 2305 πιπεθσαι
657 2248 702 2323 τῷ
715 2237 952 2329 τεθανατωμένου
967 2237 1008 2304 τά
1021 2249 1073 2317 τῆς
1085 2243 1230 2333 ὑμετέρας

223 2356 320 2440 ζωῆς·
347 2365 381 2428 οὖ
405 2361 463 2454 γὰρ
482 2353 634 2439 ζωοθότης
658 2360 783 2439 πάντως
807 2366 823 2427 ὀ
853 2349 954 2452 prm*
982 2367 1079 2450 ἑαυτῷ
1097 2355 1230 2443 δυνηθεὶς

222 2487 396 2578 ἐπαρκέσαι,
415 2484 465 2551 καὶ
479 2486 536 2558 τήν
553 2483 663 2551 οἰκείαν
683 2482 783 2576 ψυχήν
798 2485 1030 2578 περισώσασθαι.

275 2612 339 2683 Ίην
359 2608 533 2698 παραίνεσιν
557 2611 672 2681 ταύτην
700 2607 728 2675 οἱ
746 2606 827 2701 ἀγιοι
853 2612 1056 2702 θος-περιττὴν
1083 2611 1134 2678 καὶ
1156 2612 1229 2678 ἀσό-

223 2758 321 2813 νετον,
338 2736 453 2824 μᾶλλον
471 2721 506 2797 δὲ
525 2741 692 2826 κακοῦργον
708 2732 760 2799 καὶ
777 2726 924 2823 βλαόερθν
947 2733 1155 2825 λογισάμενοι,
1177 2739 1229 2802 οὑ-

223 2857 300 2927 τωσί
315 2882 379 2934 πως
400 2856 472 2947 πρὸς
492 2856 544 2923 τόν
567 2857 692 2947 κόμητα
712 2851 814 2923 εἶπον·
835 2857 874 2924 Τί
893 2848 952 2941 δὲ,
970 2862 986 2923 ό
1005 2859 1099 2937 πολὺς
1119 2861 1153 2926 σὺ
1173 2862 1229 2934 τήν

224 2973 358 3050 διάνοιαν
372 2979 422 3047 καὶ
437 2979 590 3073 ἀγχίνους,
609 2984 642 3045 οὐ
661 2979 838 3073 μεμάθηκας
854 2983 903 3048 ότι
919 2980 1051 3050 θανάτου
1065 2983 1229 3074 χωρὶςόὐκ

223 3106 389 3198 ἐπιγίνεται
412 3108 450 3175 τὸ
468 3105 635 3189 ἀθάνατον,
654 3097 724 3172 οὐδὲ
744 3116 873 3186 συνῆκας
892 3106 923 3174 τί
939 3109 975 3175 τὸ
993 3086 1156 3201 μυστήριον
1174 3119 1228 3177 τοῦ

222 3242 268 3316 τῷ
300 3233 451 3323 τριημίρῳ
483 3229 607 3317 θανάτῳ
640 3232 830 3307 νενικηκότος
858 3232 909 3297 τὸν
945 3230 1072 3298 θάνατον
1091 3221 1126 3316 ⁵3
1144 3233 1227 3301 ἀλλ’
1255 3321 1265 3336 ,

222 3348 340 3445 ἀμόλός
358 3380 394 3420 συ
413 3365 457 3440 τῷ
478 3353 544 3421 όντι
561 3355 613 3422 καὶ
633 3356 731 3446 παχὺς
745 3358 799 3429 τήν
820 3346 954 3422 θιάνοιαν
968 3356 1091 3449 περὶτὰ
1109 3358 1227 3451 μεγαλα

222 3477 327 3544 τεκαὶ
351 3474 493 3571 χρηστὰ,
516 3477 568 3545 καὶ
596 3470 649 3544 θεὰ
674 3487 766 3545 τοῦτο
796 3480 917 3562 βλέπων
947 3482 981 3546 οὐ
1009 3476 1150 3569 θλίψεις,
1175 3484 1226 3550 καὶ
1330 3499 1333 3505 ’

222 3602 364 3680 ἀσύνετος
388 3589 454 3668 ὢνσ
468 3603 502 3668 οὐ
521 3604 564 3693 μή
589 3604 733 3691 συνήσεις.
756 3588 819 3668 Eut
845 3602 964 3681 τοότοις
981 3608 998 3669 ό
1016 3602 1134 3696 κόμης,
1154 3596 1225 3672 οὺθὲ

222 3726 259 3792 τὸ
272 3735 334 3792 τῶν
344 3727 445 3820 λόγων
460 3725 619 3817 ἀναμείνας
641 3729 741 3809 τέλος,
758 3727 831 3818 πρὸς
849 3725 942 3821 ὀργήν
959 3718 1067 3806 εὐθέως
1082 3721 1226 3821 ἐξήγετο,

223 3850 325 3917 καὶτὸ
338 3859 392 3928 τῆς
412 3849 588 3943 πρᾳότητος
606 3853 817 3942 πεπλασμένον
837 3855 962 3943 εὐχερῶς
981 3843 1135 3921 θιιλόετο·
1162 3853 1225 3921 ὅθεν

260 4038 283 4080 1.
299 4033 443 4093 Ἐπεεηθεὶς,
454 4034 482 4085 Β.
769 4039 793 4084 4.
812 4036 865 4095 Μὴ,
877 4037 904 4087 Β.

256 4124 278 4166 2.
297 4116 445 4182 Τερεντίνος,
460 4117 488 4168 Β.
769 4124 792 4167 5.
811 4119 885 4170 Deest
897 4116 998 4185 phrasis
1008 4117 1117 4187 integra,
1126 4120 1154 4186 Β,

257 4207 279 4252 3.
296 4191 331 4249 'ss
344 4200 474 4266 ἀνθρωττοι,
488 4202 516 4253 Β.
767 4210 791 4254 ό.
808 4192 864 4261 Ὧν,
874 4203 900 4254 Β.
