3300 5272
817 439 964 500 ututur
997 441 1168 501 FdrBULA
1199 443 1343 503 xxxvi.
1597 457 1631 503 Π

520 606 631 670 fovens
652 605 737 670 uinis
763 606 920 686 suffocat,
947 606 1079 671 alterum
1112 606 1201 671 velut
1222 630 1452 695 supervacuum
1474 609 1583 695 abjicit
1603 628 1635 675 et

521 728 676 795 inutilem.
690 730 732 792 Et
744 728 798 792 bic
813 750 957 817 egressus
971 729 1004 791 in
1020 728 1213 793 solitudines
1229 730 1294 794 vita
1310 729 1436 796 fruitur.

564 851 675 916 Parilis
689 852 865 917 multorum
880 868 929 918 est
946 853 1117 917 hominum
1138 853 1278 936 indoles,
1297 853 1415 942 quibus
1430 854 1579 919 inimicus
1594 856 1636 919 sis

519 998 645 1064 semper
657 977 763 1066 potius
778 1000 874 1065 quarn
894 979 1023 1042 amicus.

998 1384 1159 1473 xxxvi

853 1713 994 1773 rtoos
1027 1713 1082 1772 ET
1113 1714 1301 1774 sttUNtto.

564 2052 726 2133 Quercurn
741 2051 818 2139 ipsis
830 2073 904 2115 cum
913 2050 1075 2115 radicibus
1089 2068 1204 2115 ventus
1216 2075 1255 2116 ex
1270 2068 1383 2117 monte
1397 2054 1536 2120 avellens
1551 2058 1637 2121 amni

520 2174 658 2240 tradidit.
682 2176 723 2239 Et
745 2174 832 2241 illam
852 2175 955 2240 amnis
973 2176 1120 2242 trahebat
1137 2175 1301 2259 undosus,
1328 2179 1493 2268 ingentem
1516 2180 1639 2268 priseo-

519 2324 589 2365 rum
608 2300 778 2363 bominum
800 2299 960 2364 arborem.
982 2299 1122 2364 Plurima
1140 2315 1247 2364 autem
1264 2299 1389 2365 arundo
1406 2302 1557 2390 utrinque
1578 2319 1638 2366 sta·

519 2423 590 2502 bat,
605 2421 709 2485 levem
727 2422 803 2510 ripae
817 2419 950 2485 fluvialis
966 2420 1092 2484 laticem
1107 2419 1234 2486 bibens.

561 2571 603 2632 Et
627 2567 794 2633 admiratio
816 2568 946 2633 incessit
971 2582 1142 2656 quercum,
1168 2590 1225 2631 cur
1249 2566 1344 2631 valde
1368 2567 1475 2632 tenuis
1502 2591 1573 2657 quae
1597 2569 1639 2631 sit

519 2713 556 2756 ac
576 2690 697 2780 fragilis
715 2689 840 2754 arundo
857 2714 923 2755 non
941 2689 1112 2763 ceciderit,
1137 2689 1204 2777 ipsa
1221 2705 1328 2754 autem
1350 2705 1415 2754 tarn
1437 2706 1524 2755 rasta
1545 2690 1637 2779 fagus

515 2815 636 2900 jaceret
650 2813 820 2879 eradicate.

562 2973 643 3035 Turn
663 2968 839 3058 prudenter
857 2965 983 3031 arundo
998 2996 1011 3022 α
1022 2965 1072 3029 Ne
1094 2981 1240 3053 stupeas,
1257 2966 1396 3053 »inquit
1416 2967 1489 3030 aTu
1506 2964 1638 3053 quidem

518 3123 530 3149 ι
547 3092 713 3157 decertans
727 3092 934 3181 aquilonibus
949 3105 1096 3178 superata
1109 3088 1216 3169 fuisti3
1236 3090 1486 3155 incurvescimus
1507 3091 1638 3180 ingenio

517 3249 530 3274 ι
547 3215 693 3298 flexibili,
709 3217 735 3280 si
750 3215 800 3280 vel
826 3215 927 3279 levior
950 3230 1059 3278 nostra
1077 3230 1205 3278 moveat
1225 3231 1338 3278 ventus
1355 3216 1521 3279 cacumina
1537 3245 1561 3277 ι.
1586 3215 1638 3278 Sic

520 3340 656 3406 arundo.

563 3493 724 3556 Monstrat
738 3513 815 3554 vero
829 3488 936 3554 fabula
951 3513 1017 3554 non
1030 3511 1097 3553 esse
1113 3487 1300 3553 certandum
1316 3488 1566 3577 potentioribus,
1580 3489 1636 3552 sed

520 3615 708 3681 cedendum.
761 3624 766 3635 '

551 4013 574 4058 s.
593 4004 812 4071 misnsttittii
831 4004 1053 4063 attribuerim
1139 4008 1163 4053 a.
1183 4009 1211 4064 Α,
1228 4007 1315 4066 σοφῶς,
1336 3999 1378 4050 sed
1396 4012 1411 4050 e
1430 3997 1579 4048 correctione
1597 4011 1639 4059 po·

521 4086 780 4149 monstratquamdam
795 4098 902 4155 quercus
914 4083 995 4145 tagum
1005 4083 1056 4132 col·
1107 4083 1216 4132 steriore.
1229 4085 1312 4131 Mouet
1323 4082 1404 4138 Μηνᾶς
1424 4078 1499 4128 tuisse
1516 4077 1584 4143 prius
1598 4096 1639 4127 eo·

520 4168 622 4231 bourn,
639 4166 681 4216 sed
691 4179 717 4215 se
730 4168 801 4215 vocat
812 4166 865 4228 ipss
878 4164 969 4226 tagum
982 4163 1052 4224 Quod
1106 4162 1148 4224 φύς
1156 4162 1282 4223 scriptum.

520 4260 595 4312 quam
605 4248 711 4309 potuerit
718 4251 774 4308 epte
782 4245 862 4295 tacere
870 4243 978 4294 ostendit
988 4243 1053 4292 Dios·
1140 4247 1177 4291 tt.
1196 4247 1225 4300 Α,
1240 4239 1408 4304 καμπτὸμιθα,
1415 4237 1540 4289 laborante
1552 4239 1639 4294 metro,

520 4325 615 4375 corides
632 4331 654 4384 t,
675 4329 719 4374 itt
735 4339 741 4374 ε
759 4329 774 4384 ἡ
793 4325 865 4388 φηγός
886 4326 955 4382 καὶὴ
976 4323 1054 4387 nstro<
1107 4321 1147 4370 cui
1160 4319 1261 4369 subrent
1272 4317 1355 4368 addite
1365 4318 1433 4369 litera
1441 4316 1562 4367 sibilante.

521 4404 636 4463 ιὶδηόντα
646 4403 747 4466 δρυὸς..
1141 4401 1178 4447 tt.
1198 4415 1211 4440 a
1223 4401 1256 4446 Le
1275 4396 1369 4462 capitit
1389 4408 1403 4445 t
1424 4393 1547 4447 lainedo
1568 4393 1639 4443 bisne
