3300 5272
513 423 660 484 attali
686 425 858 486 annunt
887 420 1039 485 thltt.
1129 429 1131 432 ’
1285 433 1339 484 129

702 809 852 901 axvin.

534 1086 709 1146 tnotto
739 1087 797 1146 ΕΤ
826 1087 1033 1147 lUPlTER.

267 1431 390 1495 Doctus
404 1430 522 1518 Apollo
536 1430 635 1520 longe
651 1430 786 1518 jaculari
802 1429 873 1494 deis
887 1429 1034 1499 dicebat:
1052 1430 1191 1495 «Nullus
1203 1446 1344 1496 vestrum

220 1585 233 1609 ι
248 1557 362 1643 saepius
388 1555 500 1637 feriet,
534 1577 595 1620 nec
629 1556 775 1644 sagittam
810 1555 919 1619 mittet
946 1555 1073 1642 longius
1086 1585 1109 1618 ι.
1141 1554 1204 1619 Per
1231 1552 1345 1618 ludum

221 1695 328 1743 autem
343 1695 375 1743 et
385 1683 498 1766 jocum
514 1680 639 1769 Jupiter
651 1676 879 1745 contendebat.

265 1803 307 1866 Et
328 1803 509 1868 Mercurius
531 1819 635 1867 sortes
651 1803 814 1892 quatiebat
839 1802 951 1867 Martis
970 1803 1004 1865 in
1023 1799 1158 1866 casside.
1174 1801 1346 1888 iactusque

222 1924 341 2012 obtigit
356 1924 500 2012 Apollini
513 1928 613 2015 prior.

266 2049 335 2112 Nec
351 2071 460 2131 mora,
485 2049 654 2119 incurvato
677 2071 774 2113 aureo
800 2072 892 2113 arcus
911 2071 1030 2131 nervo,
1048 2048 1164 2113 emittit
1180 2048 1345 2136 sagittam,

223 2195 319 2258 quam
337 2175 441 2237 Horto
454 2171 565 2261 deligit
577 2174 663 2236 intus
679 2173 847 2261 Hesperio.

267 2299 328 2359 Ast
342 2296 475 2383 Jupiter,
493 2318 604 2385 gressu
619 2294 652 2359 id
667 2318 815 2359 emensus
828 2295 1053 2377 intervallum,
1068 2295 1170 2374 stetit,
1190 2309 1223 2358 et
1245 2325 1258 2350 ι
1271 2292 1347 2376 Quo

224 2419 418 2503 «jaculabor
431 2420 464 2482 a?
481 2421 543 2499 ait;
561 2449 573 2474 ι
589 2418 670 2481 mihi
687 2417 765 2483 defit
778 2418 868 2483 locus
880 2450 902 2483 ι.
988 2505 994 2516 .

269 2541 381 2627 ltaque
396 2541 429 2602 in
447 2540 571 2627 sagittae
592 2539 756 2605 mittendae
772 2541 948 2612 certamine
961 2540 1055 2618 vicit,
1072 2562 1172 2628 quum
1193 2562 1235 2603 ne
1252 2540 1347 2628 sagit-

226 2680 290 2729 tam
306 2663 437 2753 quidem
451 2666 599 2729 misisset.

271 2917 370 3000 Quod
398 2918 439 2981 sit
465 2918 515 2982 vel
543 2918 662 3008 absque
686 2918 798 2985 labore
820 2920 988 2983 victoriam
1017 2933 1205 3007 reportare,
1231 2919 1258 2983 si
1277 2921 1349 3007 quis

227 3043 331 3130 perite
344 3041 443 3105 rebus
459 3056 578 3107 utatnr.

259 3402 282 3446 8.
300 3402 329 3458 Α,
339 3401 416 3446 τοῦτο.
429 3396 508 3448 editio
518 3399 590 3449 ταύτὸ
600 3401 682 3467 μέτρον
693 3400 759 3458 lom
814 3400 926 3458 οἰκήσεις.
937 3405 1021 3451 lotan.
1030 3400 1155 3464 Chrysotl·
1164 3404 1183 3451 l.
1192 3406 1217 3462 3,
1224 3413 1249 3463 p.
1259 3406 1314 3464 507,
1322 3408 1350 3453 C.

228 3473 517 3525 nivinavemtlectionem
525 3478 762 3537 omniasemel·
847 3484 884 3528 ιο.
906 3482 998 3528 'textus
1017 3480 1163 3543 Vaticanus,
1181 3481 1262 3530 ἔλασει
1279 3483 1350 3545 μηδὲν

227 3556 309 3605 decus
325 3556 407 3605 Placet
415 3555 496 3605 ταύτό.
813 3558 931 3614 τοξεύσας.
944 3558 1083 3609 bontionem
1095 3560 1192 3619 bonam,
1203 3575 1276 3622 quam
1289 3562 1349 3611 mibi

258 3641 282 3686 9.
300 3641 336 3695 Α,
352 3636 392 3682 καὶ
412 3639 459 3684 ποῦ
480 3635 572 3698 βάλλω,
595 3642 646 3686 παῖ.
668 3637 759 3699 editio,
813 3636 889 3687 codex
900 3637 999 3699 obtulit,
1010 3644 1147 3702 repererant
1154 3639 1294 3701 conjectura
1304 3640 1350 3690 viti

226 3717 267 3763 καὶ
279 3720 325 3763 ποῦ
344 3713 422 3778 βάλω,
435 3713 483 3764 ναί.
502 3715 593 3779 scripsi
606 3717 679 3777 βαλῶ.
699 3719 761 3765 Puto
814 3718 850 3778 d.;
860 3731 908 3781 qua
916 3720 1012 3781 recepta
1022 3732 1052 3767 ne
1060 3719 1096 3769 sic
1104 3719 1202 3782 quidem
1214 3733 1298 3769 tersus
1311 3732 1347 3768 m·

227 3792 337 3842 codicem
350 3792 495 3841 Vaticanum
507 3791 539 3843 ad
552 3806 624 3856 qoem
637 3794 701 3843 lacta
715 3795 762 3844 luit
813 3797 905 3846 tionem
923 3796 970 3847 sibi
984 3799 1122 3848 satisfacere
1133 3799 1257 3848 ltnocltius
1273 3798 1353 3848 decla·

228 3872 338 3921 editioet
348 3883 439 3920 nomen
453 3874 498 3920 παῖ
508 3869 604 3930 babere,
622 3870 664 3920 sed
682 3871 762 3920 forsan
815 3878 866 3937 rat;
883 3876 997 3939 quiquid
1014 3877 1061 3926 sibi
1073 3877 1192 3927 meaverit
1203 3876 1353 3928 difficultatis

228 3954 292 4004 iectu
306 3951 443 4014 difficilius,
455 3954 481 4002 et
491 3951 548 4001 ludo
558 3952 620 4001 maie
630 3952 761 4001 lectum·
815 3967 865 4002 non
875 3953 994 4019 intelligo.

227 4035 280 4084 oia
293 4035 342 4097 ἔχω
352 4034 442 4098 χώραν)
459 4031 583 4096 Epictetus
595 4031 686 4081 tenant
695 4035 725 4095 l,
739 4037 762 4093 1,
847 4037 880 4080 Ex
893 4032 1022 4096 epimytbli
1033 4031 1113 4082 verbis
1125 4030 1196 4082 iaciie
1208 4032 1352 4083 cltoliambi·

231 4121 275 4163 too
284 4127 290 4160 ι
299 4115 335 4163 itt
343 4114 449 4174 γινίσθαι
460 4113 501 4161 ml
513 4111 596 4168 ἄλλους
604 4111 710 4177 καθάπερ
721 4114 762 4162 καὶ
815 4122 858 4159 cus
869 4114 969 4162 eruetur
979 4126 986 4161 :
996 4104 1065 4162 'Emi
1075 4111 1128 4160 τινὰ
1137 4112 1179 4160 καὶ
1192 4115 1263 4180 χωρὶς
1275 4113 1352 4164 κόπου

229 4191 259 4240 σὺ
267 4191 356 4251 ἐγένου,
364 4191 405 4238 καὶ
414 4189 551 4253 γενομένους
559 4188 621 4253 ῐχιιν
633 4188 712 4253 χώραν
721 4191 762 4239 mi
815 4188 894 4238 tesan
905 4189 980 4248 νίκην.
991 4189 1040 4241 sed
1050 4187 1076 4240 ld
1087 4187 1116 4239 ot
1125 4201 1193 4251 casu,
1203 4189 1299 4254 opinor.
