3300 5272
330 441 378 514 to
628 466 669 515 nn
693 465 892 518 emissurus
916 466 1036 518 maron

331 603 443 690 Quare
461 622 531 674 non
546 611 681 677 tantum
693 600 739 675 ad
754 613 889 675 nostros
902 601 1108 677 advolabant
1120 603 1281 701 permulti
1294 626 1337 679 ex

327 721 472 820 plebeiis
481 708 680 799 hominibus
692 734 705 771 ¹
717 726 777 824 qui
790 722 833 799 ad
841 733 1008 826 majorem
1019 728 1124 800 animi
1135 725 1337 827 dignitatem

331 859 367 920 et
378 848 426 922 ad
438 847 651 923 liberaliores
664 872 787 924 sensus
805 849 1047 949 erigebantur,
1071 850 1132 925 sed
1148 851 1271 926 molles
1287 850 1337 925 illi

330 982 433 1071 atque
447 984 619 1047 emuncta
632 975 725 1048 naris
739 974 844 1067 cives,
856 974 1153 1049 uitasdulcissime
1166 977 1334 1066 consueti,

329 1096 485 1171 rhetores
498 1098 685 1191 nimirum,
708 1096 926 1196 philosophi,
942 1098 1068 1191 otiosi,
1086 1098 1337 1198 opulentissimi

328 1222 394 1295 uiri
418 1223 477 1319 qui
500 1219 603 1296 taedio
626 1233 661 1295 et
676 1224 789 1320 ἀθυμίᾳ
809 1221 967 1297 solebant
983 1222 1120 1315 confici,
1143 1221 1336 1297 docuinam

327 1366 445 1420 aerem
457 1344 778 1443 audituricertatim
791 1345 1054 1420 concurrebant.
1071 1348 1167 1435 Quos
1177 1346 1335 1443 profecto

326 1466 590 1544 delicatissimos
605 1492 647 1544 ao
660 1468 789 1544 fastidii
802 1469 923 1568 plenos
934 1469 1125 1569 disciplinis
1140 1467 1335 1545 durissimis

325 1593 555 1669 instituebant
566 1595 603 1669 in
618 1594 727 1669 bortis
743 1597 885 1670 secreds
897 1606 959 1669 aut
970 1595 1062 1668 inter
1075 1616 1189 1688 areas,
1213 1594 1332 1668 Chris-

326 1718 498 1791 tianomm
512 1718 645 1793 scilicet
662 1720 878 1811 coemeteria,
907 1718 1034 1792 austeri
1056 1720 1335 1817 asperiqueprae·

326 1851 496 1939 captores.
515 1842 647 1915 Omnes
668 1841 756 1916 cibis
775 1841 904 1916 eisdem
922 1866 992 1918 una
1011 1853 1046 1918 ct
1068 1843 1203 1919 acerbis
1221 1853 1257 1917 et
1274 1850 1332 1941 ju·

326 1962 449 2038 condis
471 1964 661 2063 pascebant
690 1966 991 2066 Carthaginienses
1017 1968 1171 2066 episcopi
1199 1968 1331 2065 priores

327 2112 476 2186 quorum
493 2093 633 2165 nomina
647 2090 749 2165 uobis
770 2105 853 2166 nota
871 2104 948 2165 ente
967 2093 1178 2191 cyprianum
1196 2104 1332 2167 tantum

326 2215 490 2290 luerunt:

324 2404 517 2460 leniremus.
532 2402 622 2474 Quem
634 2399 715 2459 bonae
729 2400 872 2459 memoriae
885 2401 976 2459 virum
987 2400 1032 2459 bls
1049 2399 1169 2472 appellat
1180 2356 1333 2474 Cyprianus

565 2504 702 2563 quemque
715 2504 788 2563 saepe
799 2496 939 2548 memorat
950 2488 1128 2564 Augustinus.

205 2552 210 2559 Ι
323 2583 471 2640 ortatus
536 2578 621 2651 Cujus
643 2594 747 2637 nomen
766 2576 941 2651 suppeditant
963 2578 1107 2651 Perpetua
1135 2584 1164 2635 et
1182 2575 1333 2635 Felicitatis

567 2675 646 2738 aeta,
669 2683 738 2741 quas
757 2666 848 2725 idibus
868 2666 960 2725 Martii
978 2682 1052 2724 anno
1064 2666 1136 2725 cctl
1148 2673 1198 2723 aut
1208 2664 1332 2740 sequenti

568 2770 662 2831 passas
674 2754 756 2814 luisse
767 2756 931 2814 Ruinartius
941 2755 1088 2813 existimat.

324 2849 433 2907 Cunus.
534 2843 675 2904 Possidius
697 2844 769 2903 inter
791 2843 940 2918 Augustini
979 2858 1062 2917 opera
1088 2842 1126 2902 de
1150 2844 1331 2918 depmttiom

569 2938 640 3008 ΟΜ
652 2936 780 3009 epempa
795 2933 1050 3009 Cartbaptotcmta
1061 2948 1217 2992 scrmonm
1230 2931 1332 2991 indicat

568 3037 652 3096 quem
663 3021 747 3079 hodie
759 3036 817 3079 non
829 3021 972 3079 habemus.

323 3116 477 3173 bonanus.
531 3108 659 3186 cypriant
672 3109 808 3168 decessor.

372 3226 450 3331 Hoc
468 3278 551 3331 uero
568 3256 604 3329 in
627 3253 754 3328 saeculo
776 3254 877 3327 tertio
903 3263 1014 3326 totum
1038 3252 1166 3326 Africae
1183 3251 1280 3326 littus
1294 3263 1330 3324 et

322 3381 454 3456 insulas
465 3379 619 3454 ecelesiis
630 3376 826 3463 christianis
839 3371 1032 3449 abundasse
1048 3374 1324 3473 comprobatum.

322 3510 573 3609 Episcoporum
602 3504 706 3601 igitur
726 3523 911 3575 numerum
936 3510 1153 3573 recensentes
1178 3522 1328 3597 quorum

517 3689 589 3735 batim
596 3687 670 3733 creba
681 3686 750 3749 poda
758 3687 857 3749 conugia
867 3696 956 3749 sarpam

547 3767 687 3828 Victoresque
694 3780 745 3812 snos
756 3766 812 3812 natio
821 3767 876 3812 ricta
885 3767 971 3827 premit.

319 3875 426 3931 Etllion
438 3872 621 3928 Domitianum
631 3870 818 3941 imperatorem
835 3869 864 3923 in
875 3870 1077 3924 Clementemac
1087 3870 1270 3939 Domitillam,
1291 3872 1327 3926 la·

317 3960 434 4017 millares
445 3974 518 4026 snos,
528 3958 632 4012 misse
641 3954 764 4017 declarat.
775 3957 810 4014 ste
820 3957 852 4007 τὰ
867 3958 917 4007 τῶν
924 3956 1050 4009 Ἰουδαίων
1062 3956 1110 4019 lic
1123 3956 1300 4017 &cameraco

350 4053 374 4101 t.
390 4045 600 4129 Nympboatonts
614 4044 745 4111 martyris
766 4040 895 4111 punicum
908 4054 1006 4095 nomen
1025 4038 1176 4112 philosophi
1193 4040 1323 4099 ridebant.

317 4132 404 4199 (Aug-t
420 4132 469 4197 BP·
482 4128 583 4192 xxvm
