3300 5272
547 467 671 524 alumne
695 473 734 523 m
759 471 910 526 uomens.
1184 457 1225 526 41

226 599 368 677 nomina
391 600 537 700 publicis
569 606 803 680 monumentis
831 605 1070 694 eontinentur,
1103 618 1233 703 quanta

226 727 428 800 auctoritato
450 726 579 803 ualeret
606 726 699 825 apud
714 726 819 803 Ainos
842 751 898 803 ree
924 727 1140 823 Christiana,
1154 737 1232 828 jure

225 872 410 948 possumne
443 852 624 927 aetimare.
661 851 747 926 Mihi
782 874 864 951 ergo
899 851 1232 951 Carthaginiensium

226 973 1234 1075 oonailiornmaotaevelventi,praesulumquiadeynodum

226 1121 316 1172 anno
348 1099 475 1172 couvi
502 1097 658 1174 habitam
680 1120 757 1173 aeae
784 1109 970 1198 ooegomnt
997 1100 1175 1199 octoginta
1198 1113 1234 1175 ot

225 1229 359 1315 septem
376 1218 519 1293 nomina
534 1230 732 1297 eoourmnt.
751 1221 908 1311 Quorum
933 1219 1067 1295 seilicet
1079 1220 1177 1297 eadee
1198 1233 1235 1297 et

225 1329 418 1416 memorare
439 1353 475 1415 et
493 1343 649 1417 conferre
660 1348 759 1441 juvat
777 1366 859 1418 oum
884 1344 1126 1444 episcoporum
1146 1344 1233 1420 loeis

225 1464 287 1560 qui
296 1463 385 1562 rogis
398 1465 563 1539 Hunerioi
581 1478 678 1538 sexto
688 1487 779 1538 anno
791 1465 1230 1565 Cmthaginempetiemnt,

224 1597 345 1684 utpote
356 1588 417 1686 qui
429 1586 472 1662 de
485 1587 554 1663 fide
569 1612 633 1663 aua
649 1589 887 1665 testimonium
899 1589 1107 1688 praeberent.
1125 1591 1233 1690 Atqui

224 1725 461 1786 memorentur
475 1714 511 1786 in
522 1715 644 1788 notitia
654 1710 805 1812 quadam
818 1713 1074 1812 quaeoperibue
1085 1714 1233 1789 Victoria

224 1837 376 1910 Viteneie
392 1839 451 1936 qui
470 1837 596 1912 saeeulo
616 1849 714 1943 sexto
733 1839 949 1921 vandalicam
966 1840 1138 1914 enarravit
1158 1864 1234 1934 per·

224 1963 424 2034 secutionem
458 1961 593 2035 inclusa
627 1961 752 2060 legitur
773 1971 800 2032 ⁸.
840 1964 917 2041 Noa
948 1987 1032 2037 veno
1072 1974 1233 2040 naturate

227 2095 421 2180 quaerentes
444 2084 643 2183 effugerunt
664 2108 778 2182 panae
796 2084 952 2161 locorum
975 2089 1129 2178 nomine,
1148 2110 1231 2160 eon·

226 2206 392 2281 ciliorum,
403 2209 439 2279 in
453 2209 541 2281 aotie
558 2207 708 2282 laudata.
722 2211 767 2281 At
784 2209 820 2279 in
836 2208 956 2282 Africa
966 2210 1077 2306 mooe,
1089 2207 1228 2299 fundos,

224 2330 323 2405 villae
347 2332 450 2405 etiam
475 2333 645 2430 episcopie
673 2356 754 2406 usos
778 2331 885 2405 fuisse
916 2335 1136 2431 perspicuum
1163 2345 1228 2406 est.

226 2454 462 2529 Ecclesiarum
482 2457 586 2555 igitur
612 2455 905 2549 Christianarum,
926 2480 1003 2554 quae
1018 2456 1109 2554 apud
1127 2456 1231 2532 Ainos

226 2580 388 2677 Cypriani
407 2592 516 2656 atate
534 2579 715 2673 florebant,
743 2592 778 2654 et
797 2580 954 2653 notitiam
977 2592 1012 2653 et
1031 2581 1233 2679 geographi·

225 2726 301 2775 eam
333 2701 487 2778 tabulam
509 2719 572 2802 pro
596 2715 694 2802 parte
719 2726 797 2777 mea
824 2701 971 2776 conieci.
1004 2705 1041 2777 Si
1070 2703 1230 2801 quaedam

224 2807 365 2900 nomina
400 2824 583 2900 videantur
614 2804 777 2915 obseura,
809 2828 839 2898 si
869 2824 1029 2925 quaedam
1056 2828 1161 2900 etiam
1193 2830 1229 2900 in

222 2951 407 3025 itinerariis
421 2975 462 3024 aa
480 2950 772 3049 tabuiienegleota
789 2949 929 3044 inerint,
947 2951 1085 3049 inclytae
1100 2954 1226 3045 Zamae,

224 3079 352 3171 Utica,
378 3078 694 3175 permultorumque
722 3076 908 3174 insignium
937 3076 1108 3167 locorum,
1143 3078 1228 3150 vinis

222 3204 283 3299 qui
313 3205 506 3275 Romanam
542 3202 781 3300 antiquitatem
815 3201 955 3297 sapiunt
980 3199 1231 3293 jucundissime

222 3327 297 3400 fore
309 3336 487 3423 putamue3
499 3349 587 3431 quoe
600 3348 681 3398 vero
695 3324 866 3398 recentius
878 3324 970 3397 faeta
986 3323 1228 3421 Gallicanaqua

221 3450 331 3550 gloria
356 3451 574 3549 potissimum
592 3448 777 3541 oblectent,
805 3447 873 3521 illis
899 3461 991 3521 certe
1010 3446 1164 3521 locorum
1184 3445 1228 3519 de

222 3574 323 3649 laude
339 3587 456 3649 nostra
470 3574 557 3647 bene
578 3574 779 3648 meritorum
792 3572 1002 3646 mentionem
1015 3571 1156 3647 minime
1171 3571 1227 3644 in·

221 3711 354 3800 gratam
371 3700 445 3774 iore
464 3699 682 3773 arbitramur.

257 3961 281 4007 t.
296 3953 415 4005 motem
421 3952 610 4020 pernominati
623 3946 921 4014 Vmadelteae,llninartii
930 3944 1019 4002 etauio
1031 3959 1062 4001 ae
1071 3960 1145 4012 eura,
1157 3945 1228 4002 Pari·

221 4037 278 4103 aiu.
296 4036 442 4093 MDGXEW
451 4034 531 4097 edita,
550 4048 578 4103 p.
594 4039 652 4088 tae.
668 4033 728 4087 Jam
748 4035 850 4087 noema
868 4030 956 4086 tuerat
972 4027 1141 4086 esirmondo
1158 4027 1227 4098 iuria

222 4119 323 4191 publici
332 4120 413 4187 factm
427 4123 453 4173 et
462 4118 496 4173 ab
505 4115 585 4173 Elliee
595 4116 694 4188 anin,
706 4118 756 4170 ut.
771 4123 798 4170 S.
813 4120 903 4182 optate
917 4117 1072 4171 uitiatam.
