3300 5272
559 485 612 534 ιιιι
631 483 799 534 mmmm
814 483 895 533 ειοε.
1168 467 1231 537 187
1298 538 1301 543 ,

218 612 350 690 όλῆσθαι
372 616 426 684 τόν
451 605 552 709 άνθρα
573 612 702 690 πεισθεὶς
728 617 747 681 ό
770 611 953 695 ἐπίσκοπος,
982 609 1038 689 τὰς
1058 612 1112 703 μίν
1140 613 1235 706 πυρός

218 742 320 834 ἔργον,
334 742 434 832 ὥσπερ
454 734 515 832 ἀρα
533 736 586 806 καὶ
602 734 680 812 ἦσαν
699 729 797 823 ἀξιαι,
815 737 852 805 τὸ
873 730 973 828 τάχος
993 733 1106 804 ίποίει·
1123 740 1235 806 ἐκεῖνον

219 850 255 930 δὲ
270 864 438 956 εὐλογήσας
455 860 572 953 ἀφῆκε,
595 857 696 929 πολλὰ
709 857 908 945 νοοθετόσας,
927 857 980 926 καὶ
1002 865 1067 941 τοῖς
1083 852 1237 956 δεθογμί·

218 1009 280 1064 νοις
293 985 430 1077 ἐμμένειν
449 980 704 1077 ἀσφαλισάμενος.

271 1105 393 1177 Αὐτίκα
404 1116 476 1202 γοῦν
496 1107 592 1188 πολὺς
618 1114 681 1175 τῶν
710 1104 991 1202 πφοτίρωνΙείο-όιι
1030 1108 1060 1174 K
1118 1136 1146 1163 :-

220 1232 403 1325 μετάμελος,
417 1231 469 1301 καὶ
483 1232 519 1301 τὸ
530 1233 584 1300 ἀπ’
594 1229 719 1317 ἐκείνου,
734 1235 815 1300 οὕτω
828 1242 885 1310 τῆς
899 1218 1086 1326 μοχθηρίαις1
1101 1233 1236 1318 ἀπίστη,

221 1358 273 1423 καὶ
305 1366 451 1425 τοσοῦτον
471 1356 577 1424 ἑαυτὸν
609 1363 673 1434 τοῖς
702 1353 823 1447 ἀτίμοις
855 1348 1064 1449 ἀξεπολίμωσε
1086 1354 1236 1442 πάθεσιν,

1141 1468 1174 1523 ²·
1201 1481 1237 1547 ού

221 1484 292 1554 όσην
317 1476 377 1573 ἀρα
394 1482 454 1573 πρὸ
484 1489 541 1549 τοῦ
560 1481 616 1554 τὴν
637 1480 714 1573 πρὸς
736 1477 818 1548 αὐτὰ
844 1479 945 1573 φιλίαν
968 1478 1132 1549 ἐσπείσατο

200 1672 201 1676 ,
222 1606 282 1692 μὴν
302 1601 394 1688 ἀλλὰ,
413 1603 465 1671 καὶ
482 1606 551 1699 περὶ
573 1601 616 1672 τὰ
641 1601 723 1673 καλά
741 1604 794 1672 καὶ
818 1604 893 1698 φίλα
917 1607 988 1690 Θεῷ
1004 1607 1159 1681 τοσαύτην
1177 1602 1239 1671 είσ-

184 1774 188 1778 -
222 1731 329 1824 ἤνεγκε
354 1732 411 1806 την
429 1721 582 1816 σπουδὴν,
607 1732 680 1804 όσην
698 1722 769 1798 οὐδὲ
788 1730 857 1822 περὶ
883 1726 925 1796 τά
940 1727 1059 1823 πονηρὰ
1080 1730 1237 1823 πρότερον.

223 1857 340 1948 Δεῖγμα
354 1863 410 1932 τῆς
427 1859 523 1933 καλῆς
537 1855 655 1932 ταύτης
670 1847 856 1946 μεταόολῆς,
875 1850 955 1946 μετὰ
971 1856 1105 1930 τὴντῶν
1123 1849 1239 1938 βίόλων

214 1987 349 2061 καῦσιν,
367 1977 420 2045 καὶ
442 1985 461 2055 ἡ
482 1987 543 2046 τῶν
570 1968 703 2047 εἰδώλων
723 1976 891 2058 καταλυσις
917 1979 1001 2047 ούτω
1025 1981 1167 2074 γινομένη
1186 1978 1240 2045 σὺν

224 2097 374 2193 ἀκριόιίορ,
389 2108 429 2181 ὡς
444 2095 523 2195 μηδὲ
536 2099 620 2195 ’ίχνος
636 2089 765 2170 αὐτῶν8

782 2103 821 2172 τὸ
838 2102 985 2196 παράπαν
1002 2103 1240 2197 ὑπολειφθῆναι,

225 2225 294 2293 εἴτι
309 2216 348 2299 δὴ
368 2226 421 2317 καὶ
435 2235 576 2293 τοιοῦτον
595 2229 612 2293 ό
629 2221 795 2319 πφολαόὼν
812 2225 921 2320 χρόνος
938 2230 1010 2316 παρ’
1025 2205 1111 2312 αὐτῷ
1123 2213 1139 2255 ²
1153 2220 1241 2291 ἐθεά·

226 2375 313 2417 σατο.
333 2345 414 2418 Εἶτα
432 2350 464 2418 τί
475 2376 484 2435 ;
504 2350 586 2418 κόνιν
609 2350 657 2442 ἀφ’
677 2343 763 2444 ύόρεε
782 2357 840 2429 τῆς
855 2357 990 2444 κεφαλῆς
1011 2353 1122 2429 ἐκεῖνος
1138 2373 1241 2417 κατα-

225 2475 383 2565 χεάμενος,
402 2476 505 2568 βαρεῒς
524 2499 560 2543 τε
577 2475 734 2569 ἀναφέρων
750 2475 824 2554 τοὺς
840 2475 1049 2569 στεναγμοὺς,
1072 2474 1126 2544 καὶ
1139 2474 1241 2543 λούειν

227 2603 292 2674 τοῖς
314 2586 459 2690 δάκρυσιν
478 2599 607 2683 ἑαυτὸν,
634 2596 725 2691 μόνος
748 2596 832 2691 μόνῳ
854 2608 902 2688 τῷ
928 2608 1091 2692 πανταχοῦ
1109 2595 1242 2691 παρόντι

228 2709 375 2811 ὡμιλεεῧ·
395 2709 560 2808 τοσούτῳο
577 2747 612 2790 τε
625 2727 679 2798 τόν
697 2715 827 2814 καρδίαν
845 2734 892 2812 τῷ
913 2734 971 2792 τοῦ
986 2727 1067 2792 Θεοῦ
1088 2721 1242 2815 περιιθίρ-

229 2869 333 2934 μαινεν
354 2845 457 2937 ίρωτι,
475 2845 527 2912 καὶ
544 2849 643 2924 ούτως
662 2849 758 2925 αὐτῆς
778 2851 839 2916 πᾶν
858 2844 972 2939 ύψωμα
997 2840 1243 2934 κατοιόίόληκεν,
1284 2856 1288 2868 “

229 2973 270 3048 ὡς
287 2971 500 3059 παραιτεῖσθαι
518 2970 572 3039 καὶ
589 2973 682 3044 σύτὴν
699 2976 756 3047 τὴν
774 2972 851 3066 πρὸς
874 2972 952 3040 Θεὸν
973 2958 1130 3039 ἱκετείανΊ
1145 2996 1244 3064 προσ·

231 3082 351 3187 φέρειν8

370 3106 415 3181 τῷ
438 3096 574 3189 στόματι
601 3087 655 3164 διὰ
678 3096 955 3190 ταπεινοφροσύνης
978 3091 1163 3191 ύπερόολόν.
1186 3091 1245 3165 Διά

232 3228 343 3306 ταῦτα,
363 3224 457 3314 μέγας
473 3223 527 3312 μὲν
544 3223 719 3312 Κοπριανὸς
734 3221 824 3297 ἡνίκα
839 3211 969 3315 θαύμασι
986 3223 1041 3294 την
1062 3224 1157 3312 ὁρμὴν
1180 3210 1247 3285 ἀθί-

234 3334 304 3428 δοο,
323 3343 375 3409 καὶ
394 3343 434 3410 τὰ
449 3339 594 3435 πρεσόεῖα
610 3355 664 3425 τῆς
682 3356 775 3437 τιμῆς
792 3346 867 3436 παρ’
888 3347 991 3423 αὐτοῖς
1008 3346 1098 3436 ἔχων,
1115 3329 1249 3436 μείζωνο

235 3457 270 3533 θθ
291 3464 378 3559 παρὰ
401 3469 482 3552 Θεῷ,
508 3467 561 3535 καὶ
588 3471 782 3562 Χριστιανοῖς
809 3471 915 3557 παλιν,
945 3468 1040 3536 ὁπότε
1069 3469 1126 3542 τὴν
1152 3471 1248 3544 καλὴν

236 3589 396 3659 ἀλλοίωσιν
414 3593 576 3676 ἠλλοιώθη,
594 3591 647 3660 καὶ
658 3594 715 3668 τὴν
731 3594 808 3686 πρὸς
825 3593 937 3688 ἀρετὴν
952 3592 1134 3688 ἀπάγουσαν
1151 3583 1249 3660 ‹5821›-

273 3846 295 3890 1.
314 3838 450 3905 Μσχύηρᾶι
462 3838 568 3904 ἀγωγῆς,
579 3842 608 3893 Β.
619 3840 648 3894 C.
659 3839 687 3893 Β.
786 3847 811 3895 ο.
826 3839 962 3901 Τοσοῦτον,
970 3841 1001 3905 Β,
1009 3841 1039 3893 C.

271 3930 295 3975 ².
313 3925 454 3986 Ἔπείσατσ,
466 3923 496 3974 Β.
787 3932 813 3980 7.
829 3925 946 3986 Ἶκεσίαν,
956 3926 985 3978 Β.

272 4011 296 4058 3.
314 4006 398 4072 Αὐτῷ,
413 4006 443 4059 Β.
786 4019 812 4066 8.
831 4013 978 4080 Βφοφίρειν,
988 4011 1017 4064 C.

274 4095 299 4142 ⁴.
317 4090 424 4154 *Βαντεῖη
435 4091 463 4143 Β.
784 4102 809 4149 9.
825 4096 926 4158 Μεῖζον,
938 4095 968 4147 Β.

278 4182 302 4227 ο.
321 4175 423 4239 Ὁμιλεῑ,
433 4175 462 4227 Β.
