3300 5272
461 565 525 613 rou
552 564 713 612 nrsronus
737 564 802 611 rou
829 561 993 610 secernis.
1164 536 1233 608 165

227 697 376 787 centula,
408 696 589 769 conatibus
626 696 700 767 istis
739 715 959 790 summopere
995 690 1149 779 obstans,
1189 688 1234 761 ad

224 822 397 894 Christum
424 821 623 917 confugere,
643 821 789 916 Virginis
815 818 933 893 Mariae
958 816 1111 914 flagitare
1134 815 1232 887 auxi-

223 947 347 1037 iium¹,
366 969 441 1018 sese
462 943 504 1017 ad
522 946 650 1042 jejunia
675 955 709 1016 et
726 946 889 1049 χαμευγίας
910 946 1092 1034 eonserre².
1115 940 1233 1033 ltaque

223 1073 334 1143 victus
350 1070 509 1143 diabolus
525 1068 756 1141 adamantem
774 1067 919 1158 accedit,
937 1089 1016 1137 eum
1029 1077 1100 1136 toto
1117 1065 1232 1135 animo

223 1207 465 1291 occupaturus.
489 1194 546 1267 ille
566 1206 682 1266 autem
700 1192 830 1264 nuliam
842 1191 907 1264 sihi
927 1214 1069 1287 sperans
1088 1189 1232 1261 salutem

224 1319 311 1412 iore,
338 1319 381 1392 ad
401 1321 543 1392 Justinae
568 1320 680 1390 Deum
703 1315 895 1389 humillime
932 1315 1098 1410 confugit,
1128 1314 1235 1406 magi·

223 1468 282 1516 cos
307 1444 479 1517 comburit
500 1442 620 1532 libros,
645 1442 684 1514 fit
711 1442 856 1537 denique
885 1441 1111 1513 Christianus.
1135 1441 1230 1526 Post,

223 1569 334 1663 inquit
360 1569 559 1665 Gregorius,
584 1569 764 1664 episeopus
790 1565 915 1638 electus
944 1564 1233 1662 Carthaginiensis
1293 1661 1298 1671 Ι

222 1696 426 1792 martyrium
445 1694 586 1791 proiide
608 1693 726 1766 subiit.

272 1821 461 1916 Cyprianus
485 1819 543 1890 ille
566 1821 623 1915 qui
642 1816 931 1916 Carthaginiensis
945 1821 1128 1915 episcopus
1143 1817 1233 1914 apud

223 1946 361 2017 Graecos
384 1943 471 2017 false
486 1945 606 2018 haberi
628 1936 728 2033 solet,
749 1943 983 2015 antiochenus
1001 1942 1054 2015 vel
1073 1945 1235 2017 Nicome-

221 2067 467 2165 densisquarto
479 2068 604 2141 saeeulo
618 2081 749 2166 martyr
760 2067 1025 2139 iuissevidetur.
1044 2070 1147 2163 Cujus
1164 2067 1235 2139 his·

221 2193 324 2283 toria,
336 2192 474 2266 casibus
483 2193 789 2290 repletamiriiicis,
797 2193 1236 2290 praesertimcummaiimi·

221 2340 286 2414 que
295 2329 330 2389 et
338 2318 508 2389 notissimi
518 2318 678 2414 Cypriani
688 2316 1167 2409 niteretnrnomine,0rientis
1175 2340 1234 2412 po.-

221 2441 320 2539 pulos
331 2441 434 2539 vulgo
449 2441 614 2538 prodigiis
634 2440 835 2538 gaudentes,
851 2464 1070 2537 summopere
1083 2438 1232 2513 delecta-

221 2566 293 2639 bat.
311 2565 454 2638 Photius
471 2589 554 2638 sane
567 2568 603 2638 in
619 2568 819 2638 Bibliotheca
830 2571 858 2658 ³,
879 2564 1028 2638 declarat
1043 2563 1233 2637 Eudociam

191 2714 193 2719 ·
221 2688 1233 2787 Augustam,LeontiiphilosophiAtheniensisfiliam,atque

221 2813 402 2886 Theodosii
417 2813 556 2908 junioris
571 2836 726 2902 uxorem,
742 2814 901 2911 Cypriani
912 2813 1116 2886 Antiocheni
1133 2836 1233 2886 sanc-

221 2940 484 3034 taequelustinae
494 2951 571 3011 acta
581 2937 738 3011 versibus
756 2937 949 3011 condidisse
965 2962 1163 3029 «sensuum,
1176 2942 1230 3012 in·

222 3061 399 3165 quit,nihil
415 3061 603 3160 quidquam
611 3074 670 3134 aut
679 3061 904 3136 diffundendo
912 3075 972 3135 aut
981 3061 1228 3155 contrahendo,

141 3213 143 3216 ’
220 3187 466 3281 proprietatem
487 3190 635 3260 servavit
654 3186 802 3276 assidue,
823 3187 936 3284 quoad
978 3195 1050 3284 ejus
1069 3187 1147 3260 fieri'
1166 3211 1235 3284 po·.

221 3309 422 3380 tuit.rActa
432 3333 513 3383 vcro
524 3312 757 3384 Marteniusac
767 3310 951 3384 Durandus
964 3313 1127 3384 Thesauro
1135 3334 1230 3384 coec-

222 3431 383 3524 dotorum,
396 3444 423 3505 t.
434 3435 490 3522 ill,
510 3458 528 3506 e
546 3433 663 3507 codiee
683 3436 720 3506 S.
734 3433 924 3507 Audoensis
943 3434 1230 3532 Rhotomagensis

222 3557 372 3652 primum
395 3554 543 3631 edidere.
566 3560 734 3654 Denique,
751 3556 888 3631 diversa
904 3569 994 3651 acta,
1014 3571 1041 3630 t.
1063 3560 1135 3650 vlt,
1152 3583 1230 3658 sep·

221 3682 365 3756 tombris
388 3685 491 3780 (anno
522 3687 627 3778 1770)
653 3684 868 3758 Bollandistae
895 3684 1126 3781 prebuerunt.
1152 3689 1229 3759 Jam

257 3923 280 3967 t.
296 3917 348 3973 Τήν
355 3916 475 3980 παρθένον
483 3915 580 3981 Μαρίαν
588 3916 733 3967 tauriscae
743 3917 862 3981 βοηθῆσαι
869 3911 1221 3981 παρθένῳκινδυνευούσῃ,ΙΔ’
1224 3953 1231 3966 .

255 4007 278 4052 a.
296 3997 461 4052 Vocabulum
479 3997 547 4052 illud
560 4012 606 4068 pro
620 4000 777 4068 pavimentis
793 3999 961 4052 incubatione
973 4016 988 4052 a
1000 3999 1120 4052 Patribus
1140 3999 1232 4067 grecis

222 4083 346 4152 usurpari
357 4081 430 4137 solet.

255 4171 278 4219 3.
294 4167 356 4236 Cap.
378 4170 433 4220 ¹⁸³.
